{"bids": [[9383.77, 2.70193066], [9383.76, 1.31708472], [9383.33, 1.38654001], [9380.01, 0.36172422], [9380.0, 2.0], [9379.72, 1.0], [9378.97, 2.0], [9376.73, 1.0], [9376.33, 0.3935649], [9375.06, 0.11803397]], "ts": 1567065166376, "asks": [[9390.38, 2.0], [9391.11, 2.0], [9391.21, 2.0], [9391.39, 0.35318517], [9391.73, 2.649], [9393.77, 1.0], [9396.29, 1.0], [9397.34, 4.0], [9398.54, 3.6064351], [9398.85, 1.0]]}
{"bids": [[9383.77, 2.70193066], [9383.76, 1.31708472], [9383.33, 1.38654001], [9380.01, 0.36172422], [9380.0, 2.0], [9379.72, 1.0], [9378.97, 2.0], [9376.73, 1.0], [9376.33, 0.3935649], [9375.06, 0.11803397]], "ts": 1567065166377, "asks": [[9390.38, 2.0], [9391.11, 2.0], [9391.21, 2.0], [9391.39, 0.35318517], [9391.73, 2.649], [9393.77, 1.0], [9396.29, 1.0], [9397.34, 4.0], [9398.54, 3.6064351], [9398.85, 1.0]]}
{"bids": [[9383.77, 2.70193066], [9383.76, 1.31708472], [9383.33, 1.38654001], [9380.01, 0.36172422], [9380.0, 2.0], [9379.72, 1.0], [9378.97, 2.0], [9376.73, 1.0], [9376.33, 0.3935649], [9375.06, 0.11803397]], "ts": 1567065166378, "asks": [[9390.38, 2.0], [9391.11, 2.0], [9391.21, 2.0], [9391.39, 0.35318517], [9391.73, 2.649], [9393.77, 1.0], [9396.29, 1.0], [9397.34, 4.0], [9398.54, 3.6064351], [9398.85, 1.0]]}
{"bids": [[9383.77, 2.70193066], [9383.76, 1.31708472], [9383.33, 1.38654001], [9382.15, 1.0], [9380.01, 0.36172422], [9380.0, 2.0], [9379.72, 1.0], [9378.97, 2.0], [9376.73, 1.0], [9376.33, 0.3935649]], "ts": 1567065166378, "asks": [[9390.38, 2.0], [9391.11, 2.0], [9391.21, 2.0], [9391.39, 0.35318517], [9391.73, 2.649], [9393.77, 1.0], [9396.29, 1.0], [9397.34, 4.0], [9398.54, 3.6064351], [9398.85, 1.0]]}
{"bids": [[9383.77, 2.70193066], [9383.76, 1.31708472], [9383.33, 1.38654001], [9382.16, 0.3719209], [9382.15, 1.0], [9380.01, 0.36172422], [9380.0, 2.0], [9379.72, 1.0], [9378.97, 2.0], [9376.73, 1.0]], "ts": 1567065166378, "asks": [[9390.38, 2.0], [9391.11, 2.0], [9391.21, 2.0], [9391.39, 0.35318517], [9391.73, 2.649], [9393.77, 1.0], [9396.29, 1.0], [9397.34, 4.0], [9398.54, 3.6064351], [9398.85, 1.0]]}
{"bids": [[9383.77, 2.70193066], [9383.76, 1.31708472], [9383.33, 1.38654001], [9382.16, 0.3719209], [9382.15, 1.0], [9380.0, 2.0], [9379.72, 1.0], [9378.97, 2.0], [9376.73, 1.0]], "ts": 1567065166379, "asks": [[9390.38, 2.0], [9391.11, 2.0], [9391.21, 2.0], [9391.39, 0.35318517], [9391.73, 2.649], [9393.77, 1.0], [9396.29, 1.0], [9397.34, 4.0], [9398.54, 3.6064351], [9398.85, 1.0]]}
{"bids": [[9383.77, 2.70193066], [9383.76, 1.31708472], [9383.33, 1.38654001], [9382.16, 0.3719209], [9382.15, 1.0], [9380.0, 2.0], [9379.72, 1.0], [9378.97, 2.0], [9376.73, 1.0]], "ts": 1567065166379, "asks": [[9390.38, 2.0], [9391.11, 2.0], [9391.21, 2.0], [9391.39, 0.35318517], [9393.77, 1.0], [9396.29, 1.0], [9397.34, 4.0], [9398.54, 3.6064351], [9398.85, 1.0]]}
{"bids": [[9383.78, 0.3719209], [9383.77, 2.70193066], [9383.76, 1.31708472], [9383.33, 1.38654001], [9382.16, 0.3719209], [9382.15, 1.0], [9380.0, 2.0], [9379.72, 1.0], [9378.97, 2.0], [9376.73, 1.0]], "ts": 1567065166379, "asks": [[9390.38, 2.0], [9391.11, 2.0], [9391.21, 2.0], [9391.39, 0.35318517], [9393.77, 1.0], [9396.29, 1.0], [9397.34, 4.0], [9398.54, 3.6064351], [9398.85, 1.0]]}
{"bids": [[9383.78, 0.3719209], [9383.77, 2.70193066], [9383.76, 1.31708472], [9383.33, 1.38654001], [9382.15, 1.0], [9380.0, 2.0], [9379.72, 1.0], [9378.97, 2.0], [9376.73, 1.0]], "ts": 1567065166380, "asks": [[9390.38, 2.0], [9391.11, 2.0], [9391.21, 2.0], [9391.39, 0.35318517], [9393.77, 1.0], [9396.29, 1.0], [9397.34, 4.0], [9398.54, 3.6064351], [9398.85, 1.0]]}
{"bids": [[9383.78, 0.3719209], [9383.77, 2.70193066], [9383.76, 1.31708472], [9383.33, 1.38654001], [9382.15, 1.0], [9380.0, 2.0], [9379.72, 1.0], [9378.97, 2.0], [9376.73, 1.0]], "ts": 1567065166380, "asks": [[9390.38, 2.0], [9390.69, 2.6517], [9391.11, 2.0], [9391.21, 2.0], [9391.39, 0.35318517], [9393.77, 1.0], [9396.29, 1.0], [9397.34, 4.0], [9398.54, 3.6064351], [9398.85, 1.0]]}
{"bids": [[9383.78, 0.3719209], [9383.77, 2.70193066], [9383.76, 1.31708472], [9383.33, 1.38654001], [9382.15, 1.0], [9380.0, 2.0], [9379.72, 1.0], [9378.97, 2.0], [9376.73, 1.0]], "ts": 1567065166380, "asks": [[9390.38, 2.0], [9390.69, 2.6517], [9391.11, 2.0], [9391.21, 2.0], [9391.39, 0.35318517], [9393.77, 1.0], [9396.29, 1.0], [9397.34, 4.0], [9398.54, 3.6064351], [9398.85, 1.0]]}
{"bids": [[9383.78, 0.3719209], [9383.77, 2.70193066], [9383.76, 1.31708472], [9383.33, 1.38654001], [9382.15, 1.0], [9380.0, 2.0], [9379.72, 1.0], [9378.97, 2.0], [9376.73, 1.0], [9361.1, 0.45]], "ts": 1567065166380, "asks": [[9390.38, 2.0], [9390.69, 2.6517], [9391.11, 2.0], [9391.21, 2.0], [9391.39, 0.35318517], [9393.77, 1.0], [9396.29, 1.0], [9397.34, 4.0], [9398.54, 3.6064351], [9398.85, 1.0]]}
{"bids": [[9383.78, 0.3719209], [9383.77, 2.70193066], [9383.76, 1.31708472], [9383.33, 1.38654001], [9382.15, 1.0], [9380.0, 2.0], [9379.72, 1.0], [9378.97, 2.0], [9376.73, 1.0], [9361.1, 0.45]], "ts": 1567065166381, "asks": [[9390.38, 2.0], [9390.69, 2.6517], [9391.11, 2.0], [9391.21, 2.0], [9391.39, 0.35318517], [9393.77, 1.0], [9396.29, 1.0], [9397.34, 4.0], [9398.54, 3.6064351], [9398.85, 1.0]]}
{"bids": [[9383.78, 0.3719209], [9383.77, 2.70193066], [9383.76, 1.31708472], [9383.33, 1.38654001], [9382.15, 1.0], [9380.0, 2.0], [9379.72, 1.0], [9378.97, 2.0], [9376.73, 1.0], [9361.1, 0.45]], "ts": 1567065166381, "asks": [[9390.38, 2.0], [9390.69, 2.6517], [9391.11, 2.0], [9391.21, 2.0], [9391.39, 0.35318517], [9393.77, 1.0], [9396.29, 1.0], [9397.34, 4.0], [9398.54, 3.6064351], [9398.85, 1.0]]}
{"bids": [[9383.78, 0.3719209], [9383.77, 2.70193066], [9383.76, 1.31708472], [9383.33, 1.38654001], [9382.15, 1.0], [9380.0, 2.0], [9379.72, 1.0], [9378.97, 2.0], [9376.73, 1.0], [9361.1, 0.45]], "ts": 1567065166381, "asks": [[9390.38, 2.0], [9391.11, 2.0], [9391.21, 2.0], [9391.39, 0.35318517], [9393.77, 1.0], [9396.29, 1.0], [9397.34, 4.0], [9398.54, 3.6064351], [9398.85, 1.0]]}
{"bids": [[9383.78, 0.3719209], [9383.77, 2.70193066], [9383.76, 1.31708472], [9383.33, 1.38654001], [9382.15, 1.0], [9380.0, 2.0], [9379.72, 1.0], [9378.97, 2.0], [9376.73, 1.0], [9361.1, 0.45]], "ts": 1567065166382, "asks": [[9390.38, 4.6563], [9391.11, 2.0], [9391.21, 2.0], [9391.39, 0.35318517], [9393.77, 1.0], [9396.29, 1.0], [9397.34, 4.0], [9398.54, 3.6064351], [9398.85, 1.0]]}
{"bids": [[9383.78, 0.3719209], [9383.77, 2.70193066], [9383.76, 1.31708472], [9383.33, 1.38654001], [9382.15, 1.0], [9380.0, 2.0], [9379.72, 1.0], [9378.97, 2.0], [9376.73, 1.0], [9361.1, 0.45]], "ts": 1567065166382, "asks": [[9390.38, 4.6563], [9391.11, 2.0], [9391.21, 2.0], [9391.39, 0.35318517], [9393.77, 1.0], [9396.29, 1.0], [9397.34, 4.0], [9398.54, 3.6064351], [9398.85, 1.0]]}
{"bids": [[9383.78, 0.3719209], [9383.77, 2.70193066], [9383.76, 1.31708472], [9383.33, 1.38654001], [9382.15, 1.0], [9380.0, 2.0], [9379.72, 1.0], [9378.97, 2.0], [9376.73, 1.0], [9361.1, 0.45]], "ts": 1567065166382, "asks": [[9390.38, 4.6563], [9391.11, 2.0], [9391.21, 2.0], [9391.39, 0.35318517], [9393.77, 1.0], [9395.61, 3.6064351], [9396.29, 1.0], [9397.34, 4.0], [9398.54, 3.6064351], [9398.85, 1.0]]}
{"bids": [[9383.78, 0.3719209], [9383.77, 2.70193066], [9383.76, 1.31708472], [9383.33, 1.38654001], [9382.15, 1.0], [9380.0, 2.0], [9379.72, 1.0], [9378.97, 2.0], [9376.73, 1.0], [9361.1, 0.45]], "ts": 1567065166382, "asks": [[9390.38, 4.6563], [9391.11, 2.0], [9391.21, 2.0], [9391.39, 0.35318517], [9393.77, 1.0], [9395.61, 3.6064351], [9396.29, 1.0], [9397.34, 4.0], [9398.85, 1.0]]}
{"bids": [[9383.78, 0.3719209], [9383.77, 2.70193066], [9383.76, 1.31708472], [9383.33, 1.38654001], [9382.15, 1.0], [9380.0, 2.0], [9379.72, 1.0], [9378.97, 2.0], [9376.73, 1.0], [9361.1, 0.45]], "ts": 1567065166383, "asks": [[9390.38, 4.6563], [9391.11, 2.0], [9391.21, 2.0], [9391.39, 0.35318517], [9393.77, 1.0], [9395.61, 3.6064351], [9396.29, 1.0], [9397.34, 4.0], [9398.85, 1.0], [9437.57, 0.02]]}
{"bids": [[9383.78, 0.3719209], [9383.77, 2.70193066], [9383.76, 1.31708472], [9383.33, 1.38654001], [9382.15, 1.0], [9380.0, 2.0], [9379.72, 1.0], [9378.97, 2.0], [9376.73, 1.0], [9361.1, 0.45]], "ts": 1567065166383, "asks": [[9390.38, 2.0], [9391.11, 2.0], [9391.21, 2.0], [9391.39, 0.35318517], [9393.77, 1.0], [9395.61, 3.6064351], [9396.29, 1.0], [9397.34, 4.0], [9398.85, 1.0], [9437.57, 0.02]]}
{"bids": [[9383.78, 0.3719209], [9383.77, 2.70193066], [9383.76, 1.31708472], [9383.33, 1.38654001], [9382.15, 1.0], [9380.0, 2.0], [9379.72, 1.0], [9378.97, 2.0], [9376.73, 1.0], [9361.1, 0.45]], "ts": 1567065166383, "asks": [[9390.38, 2.0], [9391.11, 2.0], [9391.21, 2.0], [9391.26, 2.6609], [9391.39, 0.35318517], [9393.77, 1.0], [9395.61, 3.6064351], [9396.29, 1.0], [9397.34, 4.0], [9398.85, 1.0]]}
{"bids": [[9383.78, 0.3719209], [9383.77, 2.70193066], [9383.76, 1.31708472], [9383.33, 1.38654001], [9382.15, 1.0], [9380.0, 2.0], [9379.72, 1.0], [9378.97, 2.0], [9376.73, 1.0], [9361.1, 0.45]], "ts": 1567065166383, "asks": [[9390.38, 2.0], [9391.11, 2.0], [9391.21, 2.0], [9391.26, 2.6609], [9391.39, 0.35318517], [9395.61, 3.6064351], [9396.29, 1.0], [9397.34, 4.0], [9398.85, 1.0]]}
{"bids": [[9383.78, 0.3719209], [9383.77, 2.70193066], [9383.76, 1.31708472], [9383.33, 1.38654001], [9382.15, 1.0], [9380.0, 2.0], [9379.72, 1.0], [9378.97, 2.0], [9376.73, 1.0], [9361.1, 0.45]], "ts": 1567065166384, "asks": [[9390.38, 2.0], [9391.11, 2.0], [9391.21, 2.0], [9391.39, 0.35318517], [9395.61, 3.6064351], [9396.29, 1.0], [9397.34, 4.0], [9398.85, 1.0]]}
{"bids": [[9383.78, 0.3719209], [9383.77, 2.70193066], [9383.76, 1.31708472], [9383.33, 1.38654001], [9382.15, 1.0], [9380.0, 2.0], [9379.72, 1.0], [9378.97, 2.0], [9376.73, 1.0], [9361.1, 0.45]], "ts": 1567065166384, "asks": [[9390.38, 2.0], [9390.98, 2.6598], [9391.11, 2.0], [9391.21, 2.0], [9391.39, 0.35318517], [9395.61, 3.6064351], [9396.29, 1.0], [9397.34, 4.0], [9398.85, 1.0]]}
{"bids": [[9383.78, 0.3719209], [9383.77, 2.70193066], [9383.76, 1.31708472], [9383.33, 1.38654001], [9382.15, 1.0], [9380.0, 2.0], [9379.72, 1.0], [9378.97, 2.0], [9376.73, 1.0], [9361.1, 0.45]], "ts": 1567065166384, "asks": [[9390.38, 2.0], [9390.98, 2.6598], [9391.11, 2.0], [9391.21, 2.0], [9391.39, 0.35318517], [9395.61, 3.6064351], [9396.29, 1.0], [9397.34, 4.0], [9398.85, 1.0], [9404.39, 1.0]]}
{"bids": [[9383.78, 0.3719209], [9383.77, 2.70193066], [9383.76, 1.31708472], [9383.33, 1.38654001], [9382.15, 1.0], [9380.0, 2.0], [9379.72, 1.0], [9378.97, 2.0], [9376.73, 1.0], [9361.1, 0.45]], "ts": 1567065166385, "asks": [[9390.38, 2.0], [9391.11, 2.0], [9391.21, 2.0], [9391.39, 0.35318517], [9395.61, 3.6064351], [9396.29, 1.0], [9397.34, 4.0], [9398.85, 1.0], [9404.39, 1.0]]}
{"bids": [[9383.78, 0.3719209], [9383.77, 2.70193066], [9383.76, 1.31708472], [9383.33, 1.38654001], [9382.15, 1.0], [9380.0, 2.0], [9379.72, 1.0], [9378.97, 2.0], [9376.73, 1.0], [9361.1, 0.45]], "ts": 1567065166385, "asks": [[9390.38, 2.0], [9391.11, 2.0], [9391.21, 2.0], [9391.39, 0.35318517], [9392.32, 2.6448], [9395.61, 3.6064351], [9396.29, 1.0], [9397.34, 4.0], [9398.85, 1.0], [9404.39, 1.0]]}
{"bids": [[9383.78, 0.3719209], [9383.77, 2.70193066], [9383.76, 1.31708472], [9383.33, 1.38654001], [9380.0, 2.0], [9379.72, 1.0], [9378.97, 2.0], [9376.73, 1.0], [9361.1, 0.45]], "ts": 1567065166385, "asks": [[9390.38, 2.0], [9391.11, 2.0], [9391.21, 2.0], [9391.39, 0.35318517], [9392.32, 2.6448], [9395.61, 3.6064351], [9396.29, 1.0], [9397.34, 4.0], [9398.85, 1.0], [9404.39, 1.0]]}
{"bids": [[9383.77, 2.70193066], [9383.76, 1.31708472], [9383.33, 1.38654001], [9380.0, 2.0], [9379.72, 1.0], [9378.97, 2.0], [9376.73, 1.0], [9361.1, 0.45]], "ts": 1567065166622, "asks": [[9390.38, 2.0], [9391.11, 2.0], [9391.21, 2.0], [9391.39, 0.35318517], [9392.32, 2.6448], [9395.61, 3.6064351], [9396.29, 1.0], [9397.34, 4.0], [9398.85, 1.0], [9404.39, 1.0]]}
{"bids": [[9383.77, 2.70193066], [9383.76, 1.31708472], [9383.33, 1.38654001], [9380.01, 0.36963899], [9380.0, 2.0], [9379.72, 1.0], [9378.97, 2.0], [9376.73, 1.0], [9361.1, 0.45]], "ts": 1567065166622, "asks": [[9390.38, 2.0], [9391.11, 2.0], [9391.21, 2.0], [9391.39, 0.35318517], [9392.32, 2.6448], [9395.61, 3.6064351], [9396.29, 1.0], [9397.34, 4.0], [9398.85, 1.0], [9404.39, 1.0]]}
{"bids": [[9383.77, 2.70193066], [9383.76, 1.31708472], [9383.33, 1.38654001], [9380.01, 0.36963899], [9380.0, 2.0], [9379.72, 1.0], [9378.97, 2.0], [9376.73, 1.0], [9361.1, 0.45]], "ts": 1567065166623, "asks": [[9390.38, 2.0], [9391.11, 2.0], [9391.21, 2.0], [9391.39, 0.35318517], [9392.32, 2.6448], [9395.61, 3.6064351], [9396.29, 1.0], [9397.34, 4.0], [9398.85, 1.0], [9404.39, 1.0]]}
{"bids": [[9383.77, 2.70193066], [9383.76, 1.31708472], [9383.33, 1.38654001], [9380.01, 0.36963899], [9380.0, 2.0], [9379.72, 1.0], [9378.97, 2.0], [9376.73, 1.0], [9361.1, 0.45]], "ts": 1567065166623, "asks": [[9390.38, 2.0], [9391.11, 2.0], [9391.21, 2.0], [9391.39, 0.35318517], [9392.32, 2.6448], [9395.61, 3.6064351], [9396.29, 1.0], [9397.34, 4.0], [9398.85, 1.0], [9404.39, 1.0]]}
{"bids": [[9383.77, 2.70193066], [9383.76, 1.31708472], [9383.33, 1.38654001], [9380.01, 0.36963899], [9380.0, 2.0], [9379.72, 1.0], [9378.97, 2.0], [9376.73, 1.0], [9361.1, 0.45], [9358.97, 10.0]], "ts": 1567065166623, "asks": [[9390.38, 2.0], [9391.11, 2.0], [9391.21, 2.0], [9391.39, 0.35318517], [9392.32, 2.6448], [9395.61, 3.6064351], [9396.29, 1.0], [9397.34, 4.0], [9398.85, 1.0], [9404.39, 1.0]]}
{"bids": [[9383.77, 2.70193066], [9383.76, 1.31708472], [9383.33, 1.38654001], [9380.01, 0.36963899], [9380.0, 2.0], [9379.72, 1.0], [9378.97, 2.0], [9376.73, 1.0], [9361.1, 0.45], [9358.97, 10.0]], "ts": 1567065166624, "asks": [[9390.38, 2.0], [9391.11, 2.0], [9391.21, 2.0], [9391.39, 0.35318517], [9392.32, 2.6448], [9395.61, 3.6064351], [9396.29, 1.0], [9397.34, 4.0], [9398.85, 1.0], [9404.39, 1.0]]}
{"bids": [[9383.77, 2.70193066], [9383.76, 1.31708472], [9383.33, 1.38654001], [9380.01, 0.36963899], [9380.0, 2.0], [9379.72, 1.0], [9378.97, 2.0], [9376.73, 1.0], [9361.1, 0.45], [9358.97, 10.0]], "ts": 1567065166624, "asks": [[9390.38, 2.0], [9391.11, 2.0], [9391.21, 2.0], [9391.39, 0.35318517], [9392.32, 2.6448], [9395.61, 3.6064351], [9396.29, 1.0], [9397.34, 4.0], [9398.85, 1.0], [9404.39, 1.0]]}
{"bids": [[9383.77, 2.70193066], [9383.76, 1.31708472], [9383.33, 1.38654001], [9380.01, 0.36963899], [9380.0, 2.0], [9379.72, 1.0], [9378.97, 2.0], [9376.73, 1.0], [9361.1, 0.45], [9358.97, 10.0]], "ts": 1567065166624, "asks": [[9390.38, 2.0], [9391.11, 2.0], [9391.21, 2.0], [9391.39, 0.35318517], [9392.32, 2.6448], [9395.61, 3.6064351], [9396.29, 1.0], [9397.34, 4.0], [9398.85, 1.0], [9404.39, 1.0]]}
{"bids": [[9383.77, 2.70193066], [9383.76, 1.31708472], [9383.33, 1.38654001], [9380.01, 0.36963899], [9380.0, 2.0], [9379.72, 1.0], [9378.97, 2.0], [9376.73, 1.0], [9361.1, 0.45], [9358.97, 10.0]], "ts": 1567065166625, "asks": [[9390.38, 2.0], [9391.11, 2.0], [9391.21, 2.0], [9391.39, 0.35318517], [9392.32, 2.6448], [9395.61, 3.6064351], [9396.29, 1.0], [9397.34, 4.0], [9398.85, 1.0], [9404.39, 1.0]]}
{"bids": [[9383.77, 2.70193066], [9383.76, 1.31708472], [9383.33, 1.38654001], [9380.01, 0.36963899], [9380.0, 2.0], [9379.72, 1.0], [9378.97, 2.0], [9376.73, 1.0], [9361.1, 0.45], [9358.97, 10.0]], "ts": 1567065166625, "asks": [[9390.38, 2.0], [9391.11, 2.0], [9391.21, 2.0], [9391.39, 0.35318517], [9392.32, 2.6448], [9395.61, 3.6064351], [9396.29, 1.0], [9397.34, 4.0], [9398.03, 2.1], [9398.85, 1.0]]}
{"bids": [[9383.77, 2.70193066], [9383.76, 1.31708472], [9383.33, 1.38654001], [9380.01, 0.36963899], [9380.0, 2.0], [9379.72, 1.0], [9378.97, 2.0], [9376.73, 1.0], [9371.39, 1.0], [9361.1, 0.45]], "ts": 1567065166625, "asks": [[9390.38, 2.0], [9391.11, 2.0], [9391.21, 2.0], [9391.39, 0.35318517], [9392.32, 2.6448], [9395.61, 3.6064351], [9396.29, 1.0], [9397.34, 4.0], [9398.03, 2.1], [9398.85, 1.0]]}
{"bids": [[9383.77, 2.70193066], [9383.76, 1.31708472], [9383.33, 1.38654001], [9380.01, 0.36963899], [9380.0, 2.0], [9379.72, 1.0], [9378.97, 2.0], [9376.73, 1.0], [9371.39, 1.0], [9361.1, 0.45]], "ts": 1567065166626, "asks": [[9390.38, 2.0], [9391.11, 2.0], [9391.21, 2.0], [9391.39, 0.35318517], [9395.61, 3.6064351], [9396.29, 1.0], [9397.34, 4.0], [9398.03, 2.1], [9398.85, 1.0]]}
{"bids": [[9383.78, 0.36963899], [9383.77, 2.70193066], [9383.76, 1.31708472], [9383.33, 1.38654001], [9380.01, 0.36963899], [9380.0, 2.0], [9379.72, 1.0], [9378.97, 2.0], [9376.73, 1.0], [9371.39, 1.0]], "ts": 1567065166626, "asks": [[9390.38, 2.0], [9391.11, 2.0], [9391.21, 2.0], [9391.39, 0.35318517], [9395.61, 3.6064351], [9396.29, 1.0], [9397.34, 4.0], [9398.03, 2.1], [9398.85, 1.0]]}
{"bids": [[9383.78, 0.36963899], [9383.77, 2.70193066], [9383.76, 1.31708472], [9383.33, 1.38654001], [9380.0, 2.0], [9379.72, 1.0], [9378.97, 2.0], [9376.73, 1.0], [9371.39, 1.0]], "ts": 1567065166626, "asks": [[9390.38, 2.0], [9391.11, 2.0], [9391.21, 2.0], [9391.39, 0.35318517], [9395.61, 3.6064351], [9396.29, 1.0], [9397.34, 4.0], [9398.03, 2.1], [9398.85, 1.0]]}
{"bids": [[9383.78, 0.36963899], [9383.77, 2.70193066], [9383.76, 1.31708472], [9383.33, 1.38654001], [9380.0, 2.0], [9379.72, 1.0], [9378.97, 2.0], [9376.73, 1.0], [9371.39, 1.0]], "ts": 1567065166626, "asks": [[9390.38, 2.0], [9391.11, 2.0], [9391.16, 2.6492], [9391.21, 2.0], [9391.39, 0.35318517], [9395.61, 3.6064351], [9396.29, 1.0], [9397.34, 4.0], [9398.03, 2.1], [9398.85, 1.0]]}
{"bids": [[9383.78, 0.36963899], [9383.77, 2.70193066], [9383.76, 1.31708472], [9383.33, 1.38654001], [9380.0, 2.0], [9379.72, 1.0], [9378.97, 2.0], [9376.73, 1.0], [9371.39, 1.0]], "ts": 1567065166627, "asks": [[9390.38, 2.0], [9391.11, 2.0], [9391.16, 2.6492], [9391.21, 2.0], [9391.39, 0.35318517], [9393.98, 1.0], [9395.61, 3.6064351], [9396.29, 1.0], [9397.34, 4.0], [9398.03, 2.1]]}
{"bids": [[9383.78, 0.36963899], [9383.77, 2.70193066], [9383.76, 1.31708472], [9383.33, 1.38654001], [9380.0, 2.0], [9379.72, 1.0], [9378.97, 2.0], [9376.73, 1.0], [9371.39, 1.0]], "ts": 1567065166627, "asks": [[9390.38, 2.0], [9391.11, 2.0], [9391.16, 2.6492], [9391.21, 2.0], [9391.39, 0.35318517], [9393.98, 1.0], [9395.61, 3.6064351], [9396.29, 1.0], [9397.34, 4.0], [9398.03, 2.1]]}
{"bids": [[9383.78, 0.36963899], [9383.77, 2.70193066], [9383.76, 1.31708472], [9383.33, 1.38654001], [9380.0, 2.0], [9379.72, 1.0], [9378.97, 2.0], [9376.73, 1.0], [9371.39, 1.0], [9364.74, 10.0]], "ts": 1567065166627, "asks": [[9390.38, 2.0], [9391.11, 2.0], [9391.16, 2.6492], [9391.21, 2.0], [9391.39, 0.35318517], [9393.98, 1.0], [9395.61, 3.6064351], [9396.29, 1.0], [9397.34, 4.0], [9398.03, 2.1]]}
{"bids": [[9383.78, 0.36963899], [9383.77, 2.70193066], [9383.76, 1.31708472], [9383.33, 1.38654001], [9380.0, 2.0], [9379.72, 1.0], [9378.97, 2.0], [9376.73, 1.0], [9371.39, 1.0], [9364.74, 10.0]], "ts": 1567065166628, "asks": [[9390.38, 2.0], [9391.11, 2.0], [9391.16, 2.6492], [9391.21, 2.0], [9391.39, 0.35318517], [9393.98, 1.0], [9395.61, 3.6064351], [9396.29, 1.0], [9397.34, 4.0], [9398.03, 2.1]]}
{"bids": [[9383.78, 0.36963899], [9383.77, 2.70193066], [9383.76, 1.31708472], [9383.33, 1.38654001], [9380.0, 2.0], [9379.72, 1.0], [9378.97, 2.0], [9376.73, 1.0], [9371.39, 1.0], [9364.74, 10.0]], "ts": 1567065166628, "asks": [[9390.38, 2.0], [9391.11, 2.0], [9391.16, 2.6492], [9391.21, 2.0], [9391.39, 0.35318517], [9393.98, 1.0], [9395.61, 3.6064351], [9396.29, 1.0], [9397.34, 4.0], [9398.03, 2.1]]}
{"bids": [[9383.78, 0.36963899], [9383.77, 2.70193066], [9383.76, 1.31708472], [9383.33, 1.38654001], [9380.0, 2.0], [9379.72, 1.0], [9378.97, 2.0], [9376.73, 1.0], [9371.39, 1.0], [9364.74, 10.0]], "ts": 1567065166628, "asks": [[9390.38, 2.0], [9391.11, 2.0], [9391.16, 2.6492], [9391.21, 2.0], [9391.39, 0.35318517], [9393.98, 1.0], [9395.61, 3.6064351], [9396.29, 1.0], [9397.34, 4.0], [9398.03, 2.1]]}
{"bids": [[9383.78, 0.36963899], [9383.77, 2.70193066], [9383.76, 1.31708472], [9383.33, 1.38654001], [9380.0, 2.0], [9379.72, 1.0], [9378.97, 2.0], [9376.73, 1.0], [9371.39, 1.0], [9364.74, 10.0]], "ts": 1567065166629, "asks": [[9391.11, 2.0], [9391.16, 2.6492], [9391.21, 2.0], [9391.39, 0.35318517], [9393.98, 1.0], [9395.61, 3.6064351], [9396.29, 1.0], [9397.34, 4.0], [9398.03, 2.1]]}
{"bids": [[9383.78, 0.36963899], [9383.77, 2.70193066], [9383.76, 1.31708472], [9383.33, 1.38654001], [9380.0, 2.0], [9379.72, 1.0], [9378.97, 2.0], [9376.73, 1.0], [9371.39, 1.0], [9364.74, 10.0]], "ts": 1567065166629, "asks": [[9391.11, 2.0], [9391.21, 2.0], [9391.39, 0.35318517], [9393.98, 1.0], [9395.61, 3.6064351], [9396.29, 1.0], [9397.34, 4.0], [9398.03, 2.1]]}
{"bids": [[9383.78, 0.36963899], [9383.77, 2.70193066], [9383.76, 1.31708472], [9383.33, 1.38654001], [9380.0, 2.0], [9379.72, 1.0], [9378.97, 2.0], [9376.73, 1.0], [9371.39, 1.0], [9364.74, 10.0]], "ts": 1567065166629, "asks": [[9391.11, 2.0], [9391.21, 2.0], [9391.39, 0.35318517], [9393.98, 1.0], [9395.61, 3.6064351], [9396.29, 1.0], [9397.34, 4.0], [9398.03, 2.1]]}
{"bids": [[9383.78, 0.36963899], [9383.77, 2.70193066], [9383.76, 1.31708472], [9383.33, 1.38654001], [9380.0, 2.0], [9379.72, 1.0], [9378.97, 2.0], [9376.73, 1.0], [9371.39, 1.0], [9364.74, 10.0]], "ts": 1567065166630, "asks": [[9391.11, 2.0], [9391.21, 2.0], [9391.39, 0.35318517], [9392.24, 2.6548], [9393.98, 1.0], [9395.61, 3.6064351], [9396.29, 1.0], [9397.34, 4.0], [9398.03, 2.1]]}
{"bids": [[9383.78, 0.36963899], [9383.77, 2.70193066], [9383.76, 1.31708472], [9383.33, 1.38654001], [9380.0, 2.0], [9379.72, 1.0], [9378.97, 2.0], [9376.73, 1.0], [9371.39, 1.0], [9364.74, 10.0]], "ts": 1567065166630, "asks": [[9391.11, 2.0], [9391.21, 2.0], [9391.39, 0.35318517], [9392.24, 2.6548], [9393.98, 1.0], [9395.61, 3.6064351], [9396.29, 1.0], [9397.34, 4.0], [9398.03, 2.1]]}
{"bids": [[9383.78, 0.36963899], [9383.77, 2.70193066], [9383.76, 1.31708472], [9383.33, 1.38654001], [9380.0, 2.0], [9379.72, 1.0], [9378.97, 2.0], [9376.73, 1.0], [9371.39, 1.0], [9364.74, 10.0]], "ts": 1567065166630, "asks": [[9391.11, 2.0], [9391.21, 2.0], [9391.39, 0.35318517], [9392.24, 2.6548], [9393.98, 1.0], [9395.61, 3.6064351], [9396.29, 1.0], [9397.34, 4.0], [9398.03, 2.1]]}
{"bids": [[9383.78, 0.36963899], [9383.77, 2.70193066], [9383.76, 1.31708472], [9383.33, 1.38654001], [9380.0, 2.0], [9379.72, 1.0], [9378.97, 2.0], [9376.73, 1.0], [9371.39, 1.0], [9364.74, 10.0]], "ts": 1567065166630, "asks": [[9391.11, 2.0], [9391.21, 2.0], [9391.39, 0.35318517], [9392.24, 2.6548], [9393.98, 1.0], [9395.61, 3.6064351], [9396.29, 1.0], [9397.34, 4.0], [9398.03, 2.1]]}
{"bids": [[9383.78, 0.36963899], [9383.77, 2.70193066], [9383.76, 1.31708472], [9383.33, 1.38654001], [9380.0, 2.0], [9379.72, 1.0], [9378.97, 2.0], [9376.73, 1.0], [9371.39, 1.0], [9364.74, 10.0]], "ts": 1567065166631, "asks": [[9391.11, 2.0], [9391.21, 2.0], [9391.39, 0.35318517], [9392.24, 2.6548], [9393.98, 1.0], [9395.61, 3.6064351], [9396.29, 1.0], [9397.34, 4.0], [9398.03, 2.1]]}
{"bids": [[9383.78, 0.36963899], [9383.77, 2.70193066], [9383.76, 1.31708472], [9383.33, 1.38654001], [9380.0, 2.0], [9379.72, 1.0], [9378.97, 2.0], [9376.73, 1.0], [9371.39, 1.0], [9364.74, 10.0]], "ts": 1567065166631, "asks": [[9391.11, 2.0], [9391.21, 2.0], [9391.39, 0.35318517], [9392.24, 2.6548], [9393.98, 1.0], [9395.61, 3.6064351], [9396.29, 1.0], [9397.34, 4.0], [9398.03, 2.1]]}
{"bids": [[9383.78, 0.36963899], [9383.77, 2.70193066], [9383.76, 1.31708472], [9383.33, 1.38654001], [9380.0, 2.0], [9379.72, 1.0], [9378.97, 2.0], [9376.73, 1.0], [9371.39, 1.0], [9364.74, 10.0]], "ts": 1567065166631, "asks": [[9391.11, 2.0], [9391.21, 2.0], [9391.39, 0.35318517], [9392.24, 2.6548], [9393.98, 1.0], [9395.61, 3.6064351], [9396.29, 1.0], [9397.34, 4.0], [9398.03, 2.1], [9484.6, 0.06]]}
{"bids": [[9383.78, 0.36963899], [9383.77, 2.70193066], [9383.76, 1.31708472], [9383.33, 1.38654001], [9380.0, 2.0], [9379.72, 1.0], [9378.97, 2.0], [9376.73, 1.0], [9371.39, 1.0], [9364.74, 10.0]], "ts": 1567065166632, "asks": [[9391.1, 2.0], [9391.11, 2.0], [9391.21, 2.0], [9391.39, 0.35318517], [9392.24, 2.6548], [9393.98, 1.0], [9395.61, 3.6064351], [9396.29, 1.0], [9397.34, 4.0], [9398.03, 2.1]]}
{"bids": [[9383.78, 0.36963899], [9383.77, 2.70193066], [9383.76, 1.31708472], [9383.33, 1.38654001], [9380.0, 2.0], [9379.72, 1.0], [9378.97, 2.0], [9376.73, 1.0], [9371.39, 1.0]], "ts": 1567065166632, "asks": [[9391.1, 2.0], [9391.11, 2.0], [9391.21, 2.0], [9391.39, 0.35318517], [9392.24, 2.6548], [9393.98, 1.0], [9395.61, 3.6064351], [9396.29, 1.0], [9397.34, 4.0], [9398.03, 2.1]]}
{"bids": [[9383.78, 0.36963899], [9383.77, 2.70193066], [9383.76, 1.31708472], [9383.33, 1.38654001], [9380.0, 2.0], [9379.72, 1.0], [9378.97, 2.0], [9376.73, 1.0], [9371.39, 1.0], [9359.1, 10.0]], "ts": 1567065166632, "asks": [[9391.1, 2.0], [9391.11, 2.0], [9391.21, 2.0], [9391.39, 0.35318517], [9392.24, 2.6548], [9393.98, 1.0], [9395.61, 3.6064351], [9396.29, 1.0], [9397.34, 4.0], [9398.03, 2.1]]}
{"bids": [[9383.78, 0.36963899], [9383.77, 2.70193066], [9383.76, 1.31708472], [9383.33, 1.38654001], [9380.0, 2.0], [9379.72, 1.0], [9376.73, 1.0], [9371.39, 1.0], [9359.1, 10.0]], "ts": 1567065166632, "asks": [[9391.1, 2.0], [9391.11, 2.0], [9391.21, 2.0], [9391.39, 0.35318517], [9392.24, 2.6548], [9393.98, 1.0], [9395.61, 3.6064351], [9396.29, 1.0], [9397.34, 4.0], [9398.03, 2.1]]}
{"bids": [[9383.78, 0.36963899], [9383.77, 2.70193066], [9383.76, 1.31708472], [9383.33, 1.38654001], [9380.0, 2.0], [9379.72, 1.0], [9376.73, 1.0], [9371.39, 1.0], [9359.1, 10.0]], "ts": 1567065166633, "asks": [[9391.1, 2.0], [9391.21, 2.0], [9391.39, 0.35318517], [9392.24, 2.6548], [9393.98, 1.0], [9395.61, 3.6064351], [9396.29, 1.0], [9397.34, 4.0], [9398.03, 2.1]]}
{"bids": [[9383.78, 0.36963899], [9383.77, 2.70193066], [9383.76, 1.31708472], [9383.33, 1.38654001], [9380.33, 2.0], [9380.0, 2.0], [9379.72, 1.0], [9376.73, 1.0], [9371.39, 1.0], [9359.1, 10.0]], "ts": 1567065166633, "asks": [[9391.1, 2.0], [9391.21, 2.0], [9391.39, 0.35318517], [9392.24, 2.6548], [9393.98, 1.0], [9395.61, 3.6064351], [9396.29, 1.0], [9397.34, 4.0], [9398.03, 2.1]]}
{"bids": [[9383.78, 0.36963899], [9383.77, 2.70193066], [9383.76, 1.31708472], [9383.33, 1.38654001], [9380.33, 2.0], [9380.0, 2.0], [9379.72, 1.0], [9376.73, 1.0], [9371.39, 1.0], [9359.1, 10.0]], "ts": 1567065166633, "asks": [[9391.1, 2.0], [9391.21, 2.0], [9391.39, 0.35318517], [9392.24, 2.6548], [9392.48, 2.0], [9393.98, 1.0], [9395.61, 3.6064351], [9396.29, 1.0], [9397.34, 4.0], [9398.03, 2.1]]}
{"bids": [[9383.78, 0.36963899], [9383.77, 2.70193066], [9383.76, 1.31708472], [9383.33, 1.38654001], [9380.33, 2.0], [9380.0, 2.0], [9379.72, 1.0], [9376.73, 1.0], [9371.39, 1.0], [9359.1, 10.0]], "ts": 1567065166633, "asks": [[9391.1, 2.0], [9391.39, 0.35318517], [9392.24, 2.6548], [9392.48, 2.0], [9393.98, 1.0], [9395.61, 3.6064351], [9396.29, 1.0], [9397.34, 4.0], [9398.03, 2.1]]}
{"bids": [[9383.78, 0.36963899], [9383.77, 2.70193066], [9383.76, 1.31708472], [9383.33, 1.38654001], [9380.33, 2.0], [9380.0, 2.0], [9379.72, 1.0], [9376.73, 1.0], [9371.39, 1.0], [9359.1, 10.0]], "ts": 1567065166634, "asks": [[9391.1, 2.0], [9391.39, 0.35318517], [9392.24, 2.6548], [9392.48, 2.0], [9393.02, 2.0], [9393.98, 1.0], [9395.61, 3.6064351], [9396.29, 1.0], [9397.34, 4.0], [9398.03, 2.1]]}
{"bids": [[9383.78, 0.36963899], [9383.77, 2.70193066], [9383.76, 1.31708472], [9383.33, 1.38654001], [9380.33, 2.0], [9380.0, 2.0], [9379.72, 1.0], [9376.73, 1.0], [9371.39, 1.0], [9359.1, 10.0]], "ts": 1567065166634, "asks": [[9391.1, 2.0], [9391.39, 0.35318517], [9392.24, 2.6548], [9392.48, 2.0], [9393.02, 2.0], [9393.98, 1.0], [9395.61, 3.6064351], [9396.29, 1.0], [9397.34, 4.0], [9398.03, 2.1]]}
{"bids": [[9383.78, 0.36963899], [9383.77, 2.70193066], [9383.76, 1.31708472], [9383.33, 1.38654001], [9380.33, 2.0], [9380.0, 2.0], [9379.72, 1.0], [9376.73, 1.0], [9371.39, 1.0], [9359.1, 10.0]], "ts": 1567065166634, "asks": [[9391.1, 2.0], [9391.39, 0.35318517], [9392.24, 2.6548], [9392.48, 2.0], [9393.02, 2.0], [9395.61, 3.6064351], [9396.29, 1.0], [9397.34, 4.0], [9398.03, 2.1]]}
{"bids": [[9383.78, 0.36963899], [9383.77, 2.70193066], [9383.76, 1.31708472], [9383.33, 1.38654001], [9380.33, 2.0], [9380.0, 2.0], [9379.72, 1.0], [9376.73, 1.0], [9371.39, 1.0], [9359.1, 10.0]], "ts": 1567065166635, "asks": [[9391.1, 2.0], [9391.39, 0.35318517], [9392.48, 2.0], [9393.02, 2.0], [9395.61, 3.6064351], [9396.29, 1.0], [9397.34, 4.0], [9398.03, 2.1]]}
{"bids": [[9383.78, 0.36963899], [9383.77, 2.70193066], [9383.76, 1.31708472], [9383.33, 1.38654001], [9380.33, 2.0], [9380.0, 2.0], [9379.72, 1.0], [9376.73, 1.0], [9371.39, 1.0], [9359.1, 10.0]], "ts": 1567065166635, "asks": [[9391.1, 2.0], [9391.39, 0.35318517], [9392.48, 2.0], [9392.74, 2.6519], [9393.02, 2.0], [9395.61, 3.6064351], [9396.29, 1.0], [9397.34, 4.0], [9398.03, 2.1]]}
{"bids": [[9383.78, 0.36963899], [9383.77, 2.70193066], [9383.76, 1.31708472], [9383.33, 1.38654001], [9382.54, 1.0], [9380.33, 2.0], [9380.0, 2.0], [9379.72, 1.0], [9376.73, 1.0], [9371.39, 1.0]], "ts": 1567065166635, "asks": [[9391.1, 2.0], [9391.39, 0.35318517], [9392.48, 2.0], [9392.74, 2.6519], [9393.02, 2.0], [9395.61, 3.6064351], [9396.29, 1.0], [9397.34, 4.0], [9398.03, 2.1]]}
{"bids": [[9383.78, 0.36963899], [9383.77, 2.70193066], [9383.76, 1.31708472], [9383.33, 1.38654001], [9382.54, 1.0], [9380.33, 2.0], [9380.0, 2.0], [9379.72, 1.0], [9376.73, 1.0], [9371.39, 1.0]], "ts": 1567065166635, "asks": [[9391.1, 2.0], [9391.39, 0.35318517], [9392.48, 2.0], [9392.74, 2.6519], [9395.61, 3.6064351], [9396.29, 1.0], [9397.34, 4.0], [9398.03, 2.1]]}
{"bids": [[9383.78, 0.36963899], [9383.77, 2.70193066], [9383.76, 1.31708472], [9383.33, 1.38654001], [9382.54, 1.0], [9380.0, 2.0], [9379.72, 1.0], [9376.73, 1.0], [9371.39, 1.0]], "ts": 1567065166636, "asks": [[9391.1, 2.0], [9391.39, 0.35318517], [9392.48, 2.0], [9392.74, 2.6519], [9395.61, 3.6064351], [9396.29, 1.0], [9397.34, 4.0], [9398.03, 2.1]]}
{"bids": [[9383.78, 0.36963899], [9383.77, 2.70193066], [9383.76, 1.31708472], [9383.33, 1.38654001], [9382.54, 1.0], [9380.0, 2.0], [9379.72, 1.0], [9376.73, 1.0], [9371.39, 1.0]], "ts": 1567065166636, "asks": [[9391.1, 2.0], [9391.39, 0.35318517], [9392.74, 2.6519], [9395.61, 3.6064351], [9396.29, 1.0], [9397.34, 4.0], [9398.03, 2.1]]}
{"bids": [[9383.78, 0.36963899], [9383.77, 2.70193066], [9383.76, 1.31708472], [9383.33, 1.38654001], [9382.54, 1.0], [9380.0, 2.0], [9379.72, 1.0], [9376.73, 1.0], [9371.39, 1.0]], "ts": 1567065166636, "asks": [[9391.1, 2.0], [9391.39, 0.35318517], [9391.47, 2.0], [9392.74, 2.6519], [9395.61, 3.6064351], [9396.29, 1.0], [9397.34, 4.0], [9398.03, 2.1]]}
{"bids": [[9383.78, 0.36963899], [9383.77, 2.70193066], [9383.76, 1.31708472], [9383.33, 1.38654001], [9382.54, 1.0], [9380.0, 2.0], [9379.72, 1.0], [9378.86, 2.0], [9376.73, 1.0], [9371.39, 1.0]], "ts": 1567065166636, "asks": [[9391.1, 2.0], [9391.39, 0.35318517], [9391.47, 2.0], [9392.74, 2.6519], [9395.61, 3.6064351], [9396.29, 1.0], [9397.34, 4.0], [9398.03, 2.1]]}
{"bids": [[9383.78, 0.36963899], [9383.77, 2.70193066], [9383.76, 1.31708472], [9383.33, 1.38654001], [9382.54, 1.0], [9380.0, 2.0], [9379.72, 1.0], [9378.86, 2.0], [9376.73, 1.0], [9371.39, 1.0]], "ts": 1567065166637, "asks": [[9391.09, 2.0], [9391.1, 2.0], [9391.39, 0.35318517], [9391.47, 2.0], [9392.74, 2.6519], [9395.61, 3.6064351], [9396.29, 1.0], [9397.34, 4.0], [9398.03, 2.1]]}
{"bids": [[9383.78, 0.36963899], [9383.77, 2.70193066], [9383.76, 1.31708472], [9383.33, 1.38654001], [9382.54, 1.0], [9380.0, 2.0], [9379.72, 1.0], [9378.86, 2.0], [9376.73, 1.0], [9371.39, 1.0]], "ts": 1567065166637, "asks": [[9391.08, 2.0], [9391.09, 2.0], [9391.1, 2.0], [9391.39, 0.35318517], [9391.47, 2.0], [9392.74, 2.6519], [9395.61, 3.6064351], [9396.29, 1.0], [9397.34, 4.0], [9398.03, 2.1]]}
{"bids": [[9383.78, 0.36963899], [9383.77, 2.70193066], [9383.76, 1.31708472], [9383.33, 1.38654001], [9382.54, 1.0], [9380.0, 2.0], [9379.72, 1.0], [9378.86, 2.0], [9376.73, 1.0], [9371.39, 1.0]], "ts": 1567065166637, "asks": [[9391.08, 2.0], [9391.1, 2.0], [9391.39, 0.35318517], [9391.47, 2.0], [9392.74, 2.6519], [9395.61, 3.6064351], [9396.29, 1.0], [9397.34, 4.0], [9398.03, 2.1]]}
{"bids": [[9383.78, 0.36963899], [9383.77, 2.70193066], [9383.76, 1.31708472], [9383.33, 1.38654001], [9382.54, 1.0], [9380.0, 2.0], [9379.72, 1.0], [9378.86, 2.0], [9376.73, 1.0], [9371.39, 1.0]], "ts": 1567065166637, "asks": [[9391.08, 2.0], [9391.39, 0.35318517], [9391.47, 2.0], [9392.74, 2.6519], [9395.61, 3.6064351], [9396.29, 1.0], [9397.34, 4.0], [9398.03, 2.1]]}
{"bids": [[9383.78, 0.36963899], [9383.77, 2.70193066], [9383.76, 1.31708472], [9383.33, 1.38654001], [9382.54, 1.0], [9380.0, 2.0], [9379.72, 1.0], [9378.86, 2.0], [9376.73, 1.0], [9371.39, 1.0]], "ts": 1567065166638, "asks": [[9391.08, 2.0], [9391.39, 0.35318517], [9391.47, 2.0], [9392.74, 2.6519], [9395.61, 3.6064351], [9396.29, 1.0], [9397.34, 4.0], [9398.03, 2.1]]}
{"bids": [[9383.78, 0.36963899], [9383.77, 2.70193066], [9383.76, 1.31708472], [9383.33, 1.38654001], [9382.54, 1.0], [9380.0, 2.0], [9379.72, 1.0], [9378.86, 2.0], [9376.73, 1.0], [9371.39, 1.0]], "ts": 1567065166638, "asks": [[9391.07, 2.0], [9391.08, 2.0], [9391.39, 0.35318517], [9391.47, 2.0], [9392.74, 2.6519], [9395.61, 3.6064351], [9396.29, 1.0], [9397.34, 4.0], [9398.03, 2.1]]}
{"bids": [[9383.78, 0.36963899], [9383.77, 2.70193066], [9383.76, 1.31708472], [9383.33, 1.38654001], [9382.54, 1.0], [9380.0, 2.0], [9379.72, 1.0], [9378.86, 2.0], [9376.73, 1.0], [9371.39, 1.0]], "ts": 1567065166638, "asks": [[9391.06, 2.0], [9391.07, 2.0], [9391.08, 2.0], [9391.39, 0.35318517], [9391.47, 2.0], [9392.74, 2.6519], [9395.61, 3.6064351], [9396.29, 1.0], [9397.34, 4.0], [9398.03, 2.1]]}
{"bids": [[9383.78, 0.36963899], [9383.77, 2.70193066], [9383.76, 1.31708472], [9383.33, 1.38654001], [9382.54, 1.0], [9380.0, 2.0], [9379.72, 1.0], [9378.86, 2.0], [9376.73, 1.0], [9371.39, 1.0]], "ts": 1567065166639, "asks": [[9391.06, 2.0], [9391.08, 2.0], [9391.39, 0.35318517], [9391.47, 2.0], [9392.74, 2.6519], [9395.61, 3.6064351], [9396.29, 1.0], [9397.34, 4.0], [9398.03, 2.1]]}
{"bids": [[9383.78, 0.36963899], [9383.77, 2.70193066], [9383.76, 1.31708472], [9383.33, 1.38654001], [9382.54, 1.0], [9380.0, 2.0], [9379.72, 1.0], [9378.86, 2.0], [9376.73, 1.0], [9371.39, 1.0]], "ts": 1567065166639, "asks": [[9391.06, 2.0], [9391.39, 0.35318517], [9391.47, 2.0], [9392.74, 2.6519], [9395.61, 3.6064351], [9396.29, 1.0], [9397.34, 4.0], [9398.03, 2.1]]}
{"bids": [[9383.78, 0.36963899], [9383.77, 2.70193066], [9383.76, 1.31708472], [9383.33, 1.38654001], [9382.54, 1.0], [9380.0, 2.0], [9379.72, 1.0], [9378.86, 2.0], [9376.73, 1.0], [9371.39, 1.0]], "ts": 1567065166639, "asks": [[9391.05, 2.0], [9391.06, 2.0], [9391.39, 0.35318517], [9391.47, 2.0], [9392.74, 2.6519], [9395.61, 3.6064351], [9396.29, 1.0], [9397.34, 4.0], [9398.03, 2.1]]}
{"bids": [[9383.78, 0.36963899], [9383.77, 2.70193066], [9383.76, 1.31708472], [9383.33, 1.38654001], [9382.54, 1.0], [9380.0, 2.0], [9379.72, 1.0], [9378.86, 2.0], [9376.73, 1.0], [9371.39, 1.0]], "ts": 1567065166639, "asks": [[9391.04, 2.0], [9391.05, 2.0], [9391.06, 2.0], [9391.39, 0.35318517], [9391.47, 2.0], [9392.74, 2.6519], [9395.61, 3.6064351], [9396.29, 1.0], [9397.34, 4.0], [9398.03, 2.1]]}
{"bids": [[9383.78, 0.36963899], [9383.77, 2.70193066], [9383.76, 1.31708472], [9383.33, 1.38654001], [9382.54, 1.0], [9380.0, 2.0], [9379.72, 1.0], [9378.86, 2.0], [9376.73, 1.0]], "ts": 1567065166640, "asks": [[9391.04, 2.0], [9391.05, 2.0], [9391.06, 2.0], [9391.39, 0.35318517], [9391.47, 2.0], [9392.74, 2.6519], [9395.61, 3.6064351], [9396.29, 1.0], [9397.34, 4.0], [9398.03, 2.1]]}
{"bids": [[9383.78, 0.36963899], [9383.77, 2.70193066], [9383.76, 1.31708472], [9383.33, 1.38654001], [9382.54, 1.0], [9380.0, 2.0], [9379.72, 1.0], [9378.86, 2.0], [9376.73, 1.0]], "ts": 1567065166640, "asks": [[9391.04, 2.0], [9391.06, 2.0], [9391.39, 0.35318517], [9391.47, 2.0], [9392.74, 2.6519], [9395.61, 3.6064351], [9396.29, 1.0], [9397.34, 4.0], [9398.03, 2.1]]}
{"bids": [[9383.78, 0.36963899], [9383.77, 2.70193066], [9383.76, 1.31708472], [9383.33, 1.38654001], [9382.54, 1.0], [9380.0, 2.0], [9379.72, 1.0], [9378.86, 2.0], [9376.73, 1.0]], "ts": 1567065166640, "asks": [[9391.04, 2.0], [9391.39, 0.35318517], [9391.47, 2.0], [9392.74, 2.6519], [9395.61, 3.6064351], [9396.29, 1.0], [9397.34, 4.0], [9398.03, 2.1]]}
{"bids": [[9383.78, 0.36963899], [9383.77, 2.70193066], [9383.76, 1.31708472], [9383.33, 1.38654001], [9382.54, 1.0], [9380.0, 2.0], [9379.72, 1.0], [9378.86, 2.0], [9376.73, 1.0]], "ts": 1567065166641, "asks": [[9391.03, 2.0], [9391.04, 2.0], [9391.39, 0.35318517], [9391.47, 2.0], [9392.74, 2.6519], [9395.61, 3.6064351], [9396.29, 1.0], [9397.34, 4.0], [9398.03, 2.1]]}
{"bids": [[9383.78, 0.36963899], [9383.77, 2.70193066], [9383.76, 1.31708472], [9383.33, 1.38654001], [9382.54, 1.0], [9380.0, 2.0], [9379.72, 1.0], [9378.86, 2.0], [9376.73, 1.0]], "ts": 1567065166641, "asks": [[9391.02, 2.0], [9391.03, 2.0], [9391.04, 2.0], [9391.39, 0.35318517], [9391.47, 2.0], [9392.74, 2.6519], [9395.61, 3.6064351], [9396.29, 1.0], [9397.34, 4.0], [9398.03, 2.1]]}
{"bids": [[9383.78, 0.36963899], [9383.77, 2.70193066], [9383.76, 1.31708472], [9383.33, 1.38654001], [9382.54, 1.0], [9380.0, 2.0], [9379.72, 1.0], [9378.86, 2.0], [9376.73, 1.0]], "ts": 1567065166641, "asks": [[9391.02, 2.0], [9391.04, 2.0], [9391.39, 0.35318517], [9391.47, 2.0], [9392.74, 2.6519], [9395.61, 3.6064351], [9396.29, 1.0], [9397.34, 4.0], [9398.03, 2.1]]}
{"bids": [[9383.78, 0.36963899], [9383.77, 2.70193066], [9383.76, 1.31708472], [9383.33, 1.38654001], [9382.54, 1.0], [9380.0, 2.0], [9379.72, 1.0], [9378.86, 2.0], [9376.73, 1.0]], "ts": 1567065166642, "asks": [[9391.02, 2.0], [9391.39, 0.35318517], [9391.47, 2.0], [9392.74, 2.6519], [9395.61, 3.6064351], [9396.29, 1.0], [9397.34, 4.0], [9398.03, 2.1]]}
{"bids": [[9383.78, 0.36963899], [9383.77, 2.70193066], [9383.76, 1.31708472], [9383.33, 1.38654001], [9382.54, 1.0], [9380.0, 2.0], [9379.72, 1.0], [9378.86, 2.0], [9376.73, 1.0]], "ts": 1567065166642, "asks": [[9391.01, 2.0], [9391.02, 2.0], [9391.39, 0.35318517], [9391.47, 2.0], [9392.74, 2.6519], [9395.61, 3.6064351], [9396.29, 1.0], [9397.34, 4.0], [9398.03, 2.1]]}
{"bids": [[9383.78, 0.36963899], [9383.77, 2.70193066], [9383.76, 1.31708472], [9383.33, 1.38654001], [9382.54, 1.0], [9380.0, 2.0], [9379.72, 1.0], [9378.86, 2.0], [9376.73, 1.0]], "ts": 1567065166642, "asks": [[9391.0, 2.0], [9391.01, 2.0], [9391.02, 2.0], [9391.39, 0.35318517], [9391.47, 2.0], [9392.74, 2.6519], [9395.61, 3.6064351], [9396.29, 1.0], [9397.34, 4.0], [9398.03, 2.1]]}
{"bids": [[9383.78, 0.36963899], [9383.77, 2.70193066], [9383.76, 1.31708472], [9383.33, 1.38654001], [9382.54, 1.0], [9380.0, 2.0], [9379.72, 1.0], [9378.86, 2.0], [9376.73, 1.0]], "ts": 1567065166643, "asks": [[9391.0, 2.0], [9391.02, 2.0], [9391.39, 0.35318517], [9391.47, 2.0], [9392.74, 2.6519], [9395.61, 3.6064351], [9396.29, 1.0], [9397.34, 4.0], [9398.03, 2.1]]}
{"bids": [[9383.78, 0.36963899], [9383.77, 2.70193066], [9383.76, 1.31708472], [9383.33, 1.38654001], [9382.54, 1.0], [9380.0, 2.0], [9379.72, 1.0], [9378.86, 2.0], [9376.73, 1.0]], "ts": 1567065166643, "asks": [[9391.0, 2.0], [9391.39, 0.35318517], [9391.47, 2.0], [9392.74, 2.6519], [9395.61, 3.6064351], [9396.29, 1.0], [9397.34, 4.0], [9398.03, 2.1]]}
{"bids": [[9383.78, 0.36963899], [9383.77, 2.70193066], [9383.76, 1.31708472], [9383.33, 1.38654001], [9382.54, 1.0], [9380.0, 2.0], [9379.72, 1.0], [9378.86, 2.0], [9376.73, 1.0]], "ts": 1567065166643, "asks": [[9391.0, 4.0], [9391.39, 0.35318517], [9391.47, 2.0], [9392.74, 2.6519], [9395.61, 3.6064351], [9396.29, 1.0], [9397.34, 4.0], [9398.03, 2.1]]}
{"bids": [[9383.78, 0.36963899], [9383.77, 2.70193066], [9383.76, 1.31708472], [9383.33, 1.38654001], [9382.54, 1.0], [9380.0, 2.0], [9379.72, 1.0], [9378.86, 2.0], [9376.73, 1.0]], "ts": 1567065166911, "asks": [[9391.0, 4.0], [9391.39, 0.35318517], [9391.47, 2.0], [9392.74, 2.6519], [9395.61, 3.6064351], [9396.29, 1.0], [9397.34, 4.0], [9398.03, 2.1], [9404.3, 1.0]]}
{"bids": [[9383.78, 0.36963899], [9383.77, 2.70193066], [9383.76, 1.31708472], [9383.33, 1.38654001], [9382.54, 1.0], [9380.0, 2.0], [9379.72, 1.0], [9378.86, 2.0], [9376.73, 1.0], [9363.59, 0.0212963]], "ts": 1567065166912, "asks": [[9391.0, 4.0], [9391.39, 0.35318517], [9391.47, 2.0], [9392.74, 2.6519], [9395.61, 3.6064351], [9396.29, 1.0], [9397.34, 4.0], [9398.03, 2.1], [9404.3, 1.0]]}
{"bids": [[9383.78, 0.36963899], [9383.77, 2.70193066], [9383.76, 1.31708472], [9383.33, 1.38654001], [9382.54, 1.0], [9380.0, 2.0], [9379.72, 1.0], [9378.86, 2.0], [9376.73, 1.0], [9363.59, 0.0212963]], "ts": 1567065166912, "asks": [[9391.0, 4.0], [9391.39, 0.35318517], [9391.47, 2.0], [9392.74, 2.6519], [9395.61, 3.6064351], [9396.29, 1.0], [9397.34, 4.0], [9398.03, 2.1], [9404.3, 1.0]]}
{"bids": [[9383.78, 0.36963899], [9383.77, 2.70193066], [9383.76, 1.31708472], [9383.33, 1.38654001], [9382.54, 1.0], [9380.0, 2.0], [9379.72, 1.0], [9378.86, 2.0], [9376.73, 1.0], [9363.59, 0.0212963]], "ts": 1567065166912, "asks": [[9391.0, 4.0], [9391.39, 0.35318517], [9391.47, 2.0], [9392.74, 2.6519], [9395.61, 3.6064351], [9396.29, 1.0], [9397.34, 4.0], [9398.03, 2.1], [9404.3, 1.0], [9475.2, 0.06]]}
{"bids": [[9383.78, 0.36963899], [9383.77, 2.70193066], [9383.76, 1.31708472], [9383.33, 1.38654001], [9380.0, 2.0], [9379.72, 1.0], [9378.86, 2.0], [9376.73, 1.0], [9363.59, 0.0212963]], "ts": 1567065166913, "asks": [[9391.0, 4.0], [9391.39, 0.35318517], [9391.47, 2.0], [9392.74, 2.6519], [9395.61, 3.6064351], [9396.29, 1.0], [9397.34, 4.0], [9398.03, 2.1], [9404.3, 1.0], [9475.2, 0.06]]}
{"bids": [[9383.77, 2.70193066], [9383.76, 1.31708472], [9383.33, 1.38654001], [9380.0, 2.0], [9379.72, 1.0], [9378.86, 2.0], [9376.73, 1.0], [9363.59, 0.0212963]], "ts": 1567065166913, "asks": [[9391.0, 4.0], [9391.39, 0.35318517], [9391.47, 2.0], [9392.74, 2.6519], [9395.61, 3.6064351], [9396.29, 1.0], [9397.34, 4.0], [9398.03, 2.1], [9404.3, 1.0], [9475.2, 0.06]]}
{"bids": [[9383.77, 2.70193066], [9383.76, 1.31708472], [9383.33, 1.38654001], [9380.01, 0.3564945], [9380.0, 2.0], [9379.72, 1.0], [9378.86, 2.0], [9376.73, 1.0], [9363.59, 0.0212963]], "ts": 1567065166913, "asks": [[9391.0, 4.0], [9391.39, 0.35318517], [9391.47, 2.0], [9392.74, 2.6519], [9395.61, 3.6064351], [9396.29, 1.0], [9397.34, 4.0], [9398.03, 2.1], [9404.3, 1.0], [9475.2, 0.06]]}
{"bids": [[9383.77, 2.70193066], [9383.76, 1.31708472], [9383.33, 1.38654001], [9380.01, 0.3564945], [9380.0, 2.0], [9379.72, 1.0], [9378.86, 2.0], [9376.73, 1.0], [9371.01, 1.0], [9363.59, 0.0212963]], "ts": 1567065166914, "asks": [[9391.0, 4.0], [9391.39, 0.35318517], [9391.47, 2.0], [9392.74, 2.6519], [9395.61, 3.6064351], [9396.29, 1.0], [9397.34, 4.0], [9398.03, 2.1], [9404.3, 1.0], [9475.2, 0.06]]}
{"bids": [[9383.77, 2.70193066], [9383.76, 1.31708472], [9383.33, 1.38654001], [9380.01, 0.3564945], [9380.0, 2.0], [9379.72, 1.0], [9378.86, 2.0], [9376.73, 1.0], [9371.01, 1.0], [9363.59, 0.0212963]], "ts": 1567065166914, "asks": [[9391.0, 4.0], [9391.39, 0.35318517], [9391.47, 2.0], [9392.74, 2.6519], [9395.61, 3.6064351], [9396.29, 1.0], [9397.34, 4.0], [9398.03, 2.1], [9404.3, 1.0]]}
{"bids": [[9383.77, 2.70193066], [9383.76, 1.31708472], [9383.33, 1.38654001], [9380.01, 0.3564945], [9380.0, 2.0], [9379.72, 1.0], [9378.86, 2.0], [9376.73, 1.0], [9371.01, 1.0], [9363.59, 0.0212963]], "ts": 1567065166914, "asks": [[9391.0, 4.0], [9391.39, 0.35318517], [9391.47, 2.0], [9392.74, 2.6519], [9393.75, 1.0], [9395.61, 3.6064351], [9396.29, 1.0], [9397.34, 4.0], [9398.03, 2.1], [9404.3, 1.0]]}
{"bids": [[9383.77, 2.70193066], [9383.76, 1.31708472], [9383.33, 1.38654001], [9380.01, 0.3564945], [9380.0, 2.0], [9379.72, 1.0], [9378.86, 2.0], [9376.73, 1.0], [9371.01, 1.0], [9363.59, 0.0212963]], "ts": 1567065166915, "asks": [[9391.0, 4.0], [9391.39, 0.35318517], [9391.47, 2.0], [9392.74, 2.6519], [9393.75, 1.0], [9395.61, 3.6064351], [9396.29, 1.0], [9397.34, 4.0], [9398.03, 2.1], [9404.3, 1.0]]}
{"bids": [[9383.77, 2.70193066], [9383.76, 1.31708472], [9383.33, 1.38654001], [9380.01, 0.3564945], [9380.0, 2.0], [9379.72, 1.0], [9378.86, 2.0], [9376.73, 1.0], [9371.01, 1.0], [9363.59, 0.0212963]], "ts": 1567065166915, "asks": [[9391.0, 4.0], [9391.39, 0.35318517], [9391.47, 2.0], [9392.74, 2.6519], [9393.75, 1.0], [9395.61, 3.6064351], [9396.29, 1.0], [9397.34, 4.0], [9398.03, 2.1], [9404.3, 1.0]]}
{"bids": [[9383.77, 2.70193066], [9383.76, 1.31708472], [9383.33, 1.38654001], [9380.01, 0.3564945], [9380.0, 2.0], [9379.72, 1.0], [9378.86, 2.0], [9376.73, 1.0], [9371.01, 1.0], [9363.59, 0.0212963]], "ts": 1567065166915, "asks": [[9391.0, 4.0], [9391.39, 0.35318517], [9391.47, 2.0], [9392.74, 2.6519], [9393.75, 1.0], [9395.61, 3.6064351], [9396.29, 1.0], [9397.34, 4.0], [9398.03, 2.1]]}
{"bids": [[9383.77, 2.70193066], [9383.76, 1.31708472], [9383.33, 1.38654001], [9380.01, 0.3564945], [9380.0, 2.0], [9379.72, 1.0], [9378.86, 2.0], [9376.73, 1.0], [9371.01, 1.0], [9363.59, 0.0212963]], "ts": 1567065166915, "asks": [[9391.0, 4.0], [9391.39, 0.35318517], [9391.47, 2.0], [9392.74, 2.6519], [9393.75, 1.0], [9395.61, 3.6064351], [9396.29, 1.0], [9397.34, 4.0], [9398.03, 2.1]]}
{"bids": [[9383.77, 2.70193066], [9383.76, 1.31708472], [9383.33, 1.38654001], [9380.01, 0.3564945], [9380.0, 2.0], [9379.72, 1.0], [9378.86, 2.0], [9376.73, 1.0], [9371.01, 1.0], [9363.59, 0.0212963]], "ts": 1567065166916, "asks": [[9391.0, 4.0], [9391.39, 0.35318517], [9391.47, 2.0], [9392.74, 2.6519], [9393.75, 1.0], [9395.61, 3.6064351], [9396.29, 1.0], [9397.34, 4.0], [9398.03, 2.1]]}
{"bids": [[9383.77, 2.70193066], [9383.76, 1.31708472], [9383.33, 1.38654001], [9380.01, 0.3564945], [9380.0, 2.0], [9379.72, 1.0], [9378.86, 2.0], [9376.73, 1.0], [9371.01, 1.0], [9363.59, 0.0212963]], "ts": 1567065166916, "asks": [[9391.0, 4.0], [9391.39, 0.35318517], [9391.47, 2.0], [9393.75, 1.0], [9395.61, 3.6064351], [9396.29, 1.0], [9397.34, 4.0], [9398.03, 2.1]]}
{"bids": [[9383.77, 2.70193066], [9383.76, 1.31708472], [9383.33, 1.38654001], [9380.01, 0.3564945], [9380.0, 2.0], [9379.72, 1.0], [9378.86, 2.0], [9376.73, 1.0], [9371.01, 1.0], [9363.59, 0.0212963]], "ts": 1567065166916, "asks": [[9390.5, 2.6586], [9391.0, 4.0], [9391.39, 0.35318517], [9391.47, 2.0], [9393.75, 1.0], [9395.61, 3.6064351], [9396.29, 1.0], [9397.34, 4.0], [9398.03, 2.1]]}
{"bids": [[9383.77, 2.70193066], [9383.76, 1.31708472], [9383.33, 1.38654001], [9380.01, 0.3564945], [9380.0, 2.0], [9379.72, 1.0], [9378.86, 2.0], [9376.73, 1.0], [9371.01, 1.0], [9363.59, 0.0212963]], "ts": 1567065166916, "asks": [[9390.49, 2.0], [9390.5, 2.6586], [9391.0, 4.0], [9391.39, 0.35318517], [9391.47, 2.0], [9393.75, 1.0], [9395.61, 3.6064351], [9396.29, 1.0], [9397.34, 4.0], [9398.03, 2.1]]}
{"bids": [[9383.77, 2.70193066], [9383.76, 1.31708472], [9383.33, 1.38654001], [9380.01, 0.3564945], [9380.0, 2.0], [9379.72, 1.0], [9378.86, 2.0], [9376.73, 1.0], [9371.01, 1.0], [9363.59, 0.0212963]], "ts": 1567065166917, "asks": [[9390.49, 2.0], [9390.5, 2.6586], [9391.0, 4.0], [9391.39, 0.35318517], [9391.47, 2.0], [9393.75, 1.0], [9395.61, 3.6064351], [9396.29, 1.0], [9397.34, 4.0], [9398.03, 2.1]]}
{"bids": [[9383.77, 2.70193066], [9383.76, 1.31708472], [9383.33, 1.38654001], [9380.01, 0.3564945], [9380.0, 2.0], [9379.72, 1.0], [9378.86, 2.0], [9376.73, 1.0], [9371.01, 1.0], [9363.59, 0.0212963]], "ts": 1567065167102, "asks": [[9390.49, 2.0], [9391.0, 4.0], [9391.39, 0.35318517], [9391.47, 2.0], [9393.75, 1.0], [9395.61, 3.6064351], [9396.29, 1.0], [9397.34, 4.0], [9398.03, 2.1]]}
{"bids": [[9383.77, 2.70193066], [9383.76, 1.31708472], [9383.33, 1.38654001], [9380.01, 0.3564945], [9380.0, 2.0], [9379.72, 1.0], [9378.86, 2.0], [9376.73, 1.0], [9371.01, 1.0], [9363.59, 0.0212963]], "ts": 1567065167160, "asks": [[9390.49, 2.0], [9390.7, 2.6493], [9391.0, 4.0], [9391.39, 0.35318517], [9391.47, 2.0], [9393.75, 1.0], [9395.61, 3.6064351], [9396.29, 1.0], [9397.34, 4.0], [9398.03, 2.1]]}
{"bids": [[9383.77, 2.70193066], [9383.76, 1.31708472], [9383.33, 1.38654001], [9380.01, 0.3564945], [9380.0, 2.0], [9379.72, 1.0], [9378.86, 2.0], [9376.73, 1.0], [9371.01, 1.0], [9363.59, 0.0212963]], "ts": 1567065167275, "asks": [[9390.49, 2.0], [9390.7, 2.6493], [9391.0, 4.0], [9391.39, 0.35318517], [9391.47, 2.0], [9393.75, 1.0], [9395.61, 3.6064351], [9396.29, 1.0], [9397.34, 4.0]]}
{"bids": [[9383.77, 2.70193066], [9383.76, 1.31708472], [9383.33, 1.38654001], [9380.01, 0.3564945], [9380.0, 2.0], [9379.72, 1.0], [9378.86, 2.0], [9376.73, 1.0], [9371.01, 1.0], [9363.59, 0.0212963]], "ts": 1567065167276, "asks": [[9390.49, 2.0], [9390.7, 2.6493], [9391.0, 4.0], [9391.39, 0.35318517], [9391.47, 2.0], [9393.75, 1.0], [9395.61, 3.6064351], [9396.29, 1.0], [9397.34, 4.0], [9402.04, 2.1]]}
{"bids": [[9383.77, 2.70193066], [9383.76, 1.31708472], [9383.33, 1.38654001], [9380.01, 0.3564945], [9380.0, 2.0], [9379.72, 1.0], [9378.86, 2.0], [9376.73, 1.0], [9371.01, 1.0], [9363.59, 0.0212963]], "ts": 1567065167434, "asks": [[9390.7, 2.6493], [9391.0, 4.0], [9391.39, 0.35318517], [9391.47, 2.0], [9393.75, 1.0], [9395.61, 3.6064351], [9396.29, 1.0], [9397.34, 4.0], [9402.04, 2.1]]}
{"bids": [[9383.77, 2.70193066], [9383.76, 1.31708472], [9383.33, 1.38654001], [9380.01, 0.3564945], [9380.0, 2.0], [9379.72, 1.0], [9378.86, 2.0], [9376.73, 1.0], [9371.01, 1.0], [9363.59, 0.0212963]], "ts": 1567065167515, "asks": [[9390.7, 2.6493], [9391.0, 2.0], [9391.39, 0.35318517], [9391.47, 2.0], [9393.75, 1.0], [9395.61, 3.6064351], [9396.29, 1.0], [9397.34, 4.0], [9402.04, 2.1]]}
{"bids": [[9383.77, 2.70193066], [9383.76, 1.31708472], [9383.33, 1.38654001], [9380.01, 0.3564945], [9380.0, 2.0], [9379.72, 1.0], [9378.86, 2.0], [9376.73, 1.0], [9371.01, 1.0], [9363.59, 0.0212963]], "ts": 1567065167534, "asks": [[9391.0, 2.0], [9391.39, 0.35318517], [9391.47, 2.0], [9393.75, 1.0], [9395.61, 3.6064351], [9396.29, 1.0], [9397.34, 4.0], [9402.04, 2.1]]}
{"bids": [[9383.77, 2.70193066], [9383.76, 1.31708472], [9383.33, 1.38654001], [9380.01, 0.3564945], [9380.0, 2.0], [9379.72, 1.0], [9378.86, 2.0], [9376.73, 1.0], [9371.01, 1.0], [9363.59, 0.0212963]], "ts": 1567065167635, "asks": [[9391.0, 2.0], [9391.39, 0.35318517], [9393.75, 1.0], [9395.61, 3.6064351], [9396.29, 1.0], [9397.34, 4.0], [9402.04, 2.1]]}
{"bids": [[9383.78, 0.36489786], [9383.77, 2.70193066], [9383.76, 1.31708472], [9383.33, 1.38654001], [9380.01, 0.3564945], [9380.0, 2.0], [9379.72, 1.0], [9378.86, 2.0], [9376.73, 1.0], [9371.01, 1.0]], "ts": 1567065167635, "asks": [[9391.0, 2.0], [9391.39, 0.35318517], [9393.75, 1.0], [9395.61, 3.6064351], [9396.29, 1.0], [9397.34, 4.0], [9402.04, 2.1]]}
{"bids": [[9383.78, 0.36489786], [9383.77, 2.70193066], [9383.76, 1.31708472], [9383.33, 1.38654001], [9380.0, 2.0], [9379.72, 1.0], [9378.86, 2.0], [9376.73, 1.0], [9371.01, 1.0]], "ts": 1567065167636, "asks": [[9391.0, 2.0], [9391.39, 0.35318517], [9393.75, 1.0], [9395.61, 3.6064351], [9396.29, 1.0], [9397.34, 4.0], [9402.04, 2.1]]}
{"bids": [[9383.78, 0.36489786], [9383.77, 2.70193066], [9383.76, 1.31708472], [9383.33, 1.38654001], [9380.0, 2.0], [9379.72, 1.0], [9378.86, 2.0], [9376.73, 1.0], [9371.01, 1.0]], "ts": 1567065167657, "asks": [[9391.0, 2.0], [9391.39, 0.35318517], [9392.8, 2.0], [9393.75, 1.0], [9395.61, 3.6064351], [9396.29, 1.0], [9397.34, 4.0], [9402.04, 2.1]]}
{"bids": [[9383.78, 0.36489786], [9383.77, 2.70193066], [9383.76, 1.31708472], [9383.33, 1.38654001], [9380.0, 2.0], [9379.72, 1.0], [9378.86, 2.0], [9376.73, 1.0], [9371.01, 1.0]], "ts": 1567065167657, "asks": [[9391.0, 2.0], [9391.39, 0.35318517], [9392.8, 2.0], [9393.75, 1.0], [9395.61, 3.6064351], [9396.29, 1.0], [9397.34, 4.0], [9402.04, 2.1]]}
{"bids": [[9383.78, 0.36489786], [9383.77, 2.70193066], [9383.76, 1.31708472], [9383.33, 1.38654001], [9380.0, 2.0], [9379.72, 1.0], [9378.86, 2.0], [9376.73, 1.0], [9371.01, 1.0]], "ts": 1567065167657, "asks": [[9391.0, 2.0], [9391.39, 0.35318517], [9392.8, 2.0], [9393.75, 1.0], [9395.61, 3.6064351], [9396.29, 1.0], [9397.34, 4.0], [9402.04, 2.1], [9405.58, 10.0]]}
{"bids": [[9383.78, 0.36489786], [9383.77, 2.70193066], [9383.76, 1.31708472], [9383.33, 1.38654001], [9380.0, 2.0], [9379.72, 1.0], [9376.73, 1.0], [9371.01, 1.0]], "ts": 1567065167734, "asks": [[9391.0, 2.0], [9391.39, 0.35318517], [9392.8, 2.0], [9393.75, 1.0], [9395.61, 3.6064351], [9396.29, 1.0], [9397.34, 4.0], [9402.04, 2.1], [9405.58, 10.0]]}
{"bids": [[9383.78, 0.36489786], [9383.77, 2.70193066], [9383.76, 1.31708472], [9383.33, 1.38654001], [9379.72, 1.0], [9376.73, 1.0], [9371.01, 1.0]], "ts": 1567065167734, "asks": [[9391.0, 2.0], [9391.39, 0.35318517], [9392.8, 2.0], [9393.75, 1.0], [9395.61, 3.6064351], [9396.29, 1.0], [9397.34, 4.0], [9402.04, 2.1], [9405.58, 10.0]]}
{"bids": [[9383.78, 0.36489786], [9383.77, 2.70193066], [9383.76, 1.31708472], [9383.33, 1.38654001], [9379.72, 1.0], [9376.73, 1.0], [9371.01, 1.0]], "ts": 1567065167734, "asks": [[9391.0, 2.0], [9391.39, 0.35318517], [9393.75, 1.0], [9395.61, 3.6064351], [9396.29, 1.0], [9397.34, 4.0], [9402.04, 2.1], [9405.58, 10.0]]}
{"bids": [[9383.78, 0.36489786], [9383.77, 2.70193066], [9383.76, 1.31708472], [9383.33, 1.38654001], [9379.72, 1.0], [9379.23, 0.3935649], [9376.73, 1.0], [9371.01, 1.0]], "ts": 1567065167735, "asks": [[9391.0, 2.0], [9391.39, 0.35318517], [9393.75, 1.0], [9395.61, 3.6064351], [9396.29, 1.0], [9397.34, 4.0], [9402.04, 2.1], [9405.58, 10.0]]}
{"bids": [[9383.78, 0.36489786], [9383.77, 2.70193066], [9383.76, 1.31708472], [9383.33, 1.38654001], [9379.72, 1.0], [9379.23, 0.3935649], [9376.73, 1.0], [9371.01, 1.0]], "ts": 1567065167735, "asks": [[9391.0, 2.0], [9391.39, 0.35318517], [9393.75, 1.0], [9396.29, 1.0], [9397.34, 4.0], [9402.04, 2.1], [9405.58, 10.0]]}
{"bids": [[9383.78, 0.36489786], [9383.77, 2.70193066], [9383.76, 1.31708472], [9383.33, 1.38654001], [9379.72, 1.0], [9379.23, 0.3935649], [9376.73, 1.0], [9371.01, 1.0]], "ts": 1567065167735, "asks": [[9391.0, 2.0], [9391.39, 0.35318517], [9393.75, 1.0], [9396.29, 1.0], [9397.34, 4.0], [9398.59, 3.6064351], [9402.04, 2.1], [9405.58, 10.0]]}
{"bids": [[9383.78, 0.36489786], [9383.77, 2.70193066], [9383.76, 1.31708472], [9383.33, 1.38654001], [9381.92, 2.0], [9379.72, 1.0], [9379.23, 0.3935649], [9376.73, 1.0], [9371.01, 1.0]], "ts": 1567065167735, "asks": [[9391.0, 2.0], [9391.39, 0.35318517], [9393.75, 1.0], [9396.29, 1.0], [9397.34, 4.0], [9398.59, 3.6064351], [9402.04, 2.1], [9405.58, 10.0]]}
{"bids": [[9383.78, 0.36489786], [9383.77, 2.70193066], [9383.76, 1.31708472], [9383.33, 1.38654001], [9381.92, 2.0], [9379.72, 1.0], [9379.23, 0.3935649], [9376.73, 1.0], [9371.01, 1.0]], "ts": 1567065167736, "asks": [[9391.0, 2.0], [9393.75, 1.0], [9396.29, 1.0], [9397.34, 4.0], [9398.59, 3.6064351], [9402.04, 2.1], [9405.58, 10.0]]}
{"bids": [[9383.78, 0.36489786], [9383.77, 2.70193066], [9383.76, 1.31708472], [9383.33, 1.38654001], [9381.92, 2.0], [9379.72, 1.0], [9379.23, 0.3935649], [9376.73, 1.0], [9371.01, 1.0]], "ts": 1567065167736, "asks": [[9391.0, 2.0], [9393.74, 0.36395133], [9393.75, 1.0], [9396.29, 1.0], [9397.34, 4.0], [9398.59, 3.6064351], [9402.04, 2.1], [9405.58, 10.0]]}
{"bids": [[9383.78, 0.36489786], [9383.77, 2.70193066], [9383.76, 1.31708472], [9383.33, 1.38654001], [9381.92, 2.0], [9379.72, 1.0], [9379.23, 0.3935649], [9376.73, 1.0], [9371.01, 1.0]], "ts": 1567065167736, "asks": [[9391.0, 2.0], [9393.74, 0.36395133], [9393.75, 1.0], [9394.07, 2.0], [9396.29, 1.0], [9397.34, 4.0], [9398.59, 3.6064351], [9402.04, 2.1], [9405.58, 10.0]]}
{"bids": [[9383.78, 0.36489786], [9383.77, 2.70193066], [9383.76, 1.31708472], [9383.33, 1.38654001], [9381.92, 2.0], [9380.9, 2.0], [9379.72, 1.0], [9379.23, 0.3935649], [9376.73, 1.0], [9371.01, 1.0]], "ts": 1567065167736, "asks": [[9391.0, 2.0], [9393.74, 0.36395133], [9393.75, 1.0], [9394.07, 2.0], [9396.29, 1.0], [9397.34, 4.0], [9398.59, 3.6064351], [9402.04, 2.1], [9405.58, 10.0]]}
{"bids": [[9383.78, 0.36489786], [9383.77, 2.70193066], [9383.76, 1.31708472], [9383.33, 1.38654001], [9381.92, 2.0], [9379.72, 1.0], [9379.23, 0.3935649], [9376.73, 1.0], [9371.01, 1.0]], "ts": 1567065167755, "asks": [[9391.0, 2.0], [9393.74, 0.36395133], [9393.75, 1.0], [9394.07, 2.0], [9396.29, 1.0], [9397.34, 4.0], [9398.59, 3.6064351], [9402.04, 2.1], [9405.58, 10.0]]}
{"bids": [[9383.78, 0.36489786], [9383.77, 2.70193066], [9383.76, 1.31708472], [9383.33, 1.38654001], [9381.92, 2.0], [9379.72, 1.0], [9379.23, 0.3935649], [9376.73, 1.0], [9371.01, 1.0]], "ts": 1567065167755, "asks": [[9393.74, 0.36395133], [9393.75, 1.0], [9394.07, 2.0], [9396.29, 1.0], [9397.34, 4.0], [9398.59, 3.6064351], [9402.04, 2.1], [9405.58, 10.0]]}
{"bids": [[9383.78, 0.36489786], [9383.77, 2.70193066], [9383.76, 1.31708472], [9383.33, 1.38654001], [9381.92, 2.0], [9379.72, 1.0], [9379.23, 0.3935649], [9376.73, 1.0], [9371.01, 1.0]], "ts": 1567065167755, "asks": [[9393.74, 0.36395133], [9393.75, 1.0], [9394.07, 2.0], [9396.29, 1.0], [9398.59, 3.6064351], [9402.04, 2.1], [9405.58, 10.0]]}
{"bids": [[9383.78, 0.36489786], [9383.77, 2.70193066], [9383.76, 1.31708472], [9383.33, 1.38654001], [9381.92, 2.0], [9379.72, 1.0], [9379.23, 0.3935649], [9376.73, 1.0], [9371.01, 1.0]], "ts": 1567065167755, "asks": [[9393.38, 2.6606], [9393.74, 0.36395133], [9393.75, 1.0], [9394.07, 2.0], [9396.29, 1.0], [9398.59, 3.6064351], [9402.04, 2.1], [9405.58, 10.0]]}
{"bids": [[9383.78, 0.36489786], [9383.77, 2.70193066], [9383.76, 1.31708472], [9383.33, 1.38654001], [9381.92, 2.0], [9379.72, 1.0], [9379.23, 0.3935649], [9376.73, 1.0], [9371.01, 1.0]], "ts": 1567065167756, "asks": [[9393.38, 2.6606], [9393.74, 0.36395133], [9393.75, 1.0], [9394.07, 2.0], [9396.29, 1.0], [9398.59, 3.6064351], [9401.36, 3.0], [9402.04, 2.1], [9405.58, 10.0]]}
{"bids": [[9383.78, 0.36489786], [9383.77, 2.70193066], [9383.76, 1.31708472], [9383.33, 1.38654001], [9382.66, 2.0], [9381.92, 2.0], [9379.72, 1.0], [9379.23, 0.3935649], [9376.73, 1.0], [9371.01, 1.0]], "ts": 1567065167852, "asks": [[9393.38, 2.6606], [9393.74, 0.36395133], [9393.75, 1.0], [9394.07, 2.0], [9396.29, 1.0], [9398.59, 3.6064351], [9401.36, 3.0], [9402.04, 2.1], [9405.58, 10.0]]}
{"bids": [[9383.78, 0.36489786], [9383.77, 2.70193066], [9383.76, 1.31708472], [9383.33, 1.38654001], [9382.66, 2.0], [9381.92, 2.0], [9379.72, 1.0], [9379.23, 0.3935649], [9376.73, 1.0], [9371.01, 1.0]], "ts": 1567065167852, "asks": [[9393.38, 2.6606], [9393.74, 0.36395133], [9393.75, 1.0], [9394.07, 2.0], [9394.81, 2.0], [9396.29, 1.0], [9398.59, 3.6064351], [9401.36, 3.0], [9402.04, 2.1], [9405.58, 10.0]]}
{"bids": [[9383.78, 0.36489786], [9383.77, 2.70193066], [9383.76, 1.31708472], [9383.33, 1.38654001], [9382.66, 2.0], [9381.92, 2.0], [9379.72, 1.0], [9379.23, 0.3935649], [9376.73, 1.0], [9371.01, 1.0]], "ts": 1567065167853, "asks": [[9393.38, 2.6606], [9393.74, 0.36395133], [9393.75, 1.0], [9394.07, 2.0], [9394.81, 2.0], [9396.29, 1.0], [9398.59, 3.6064351], [9400.64, 4.0], [9401.36, 3.0], [9402.04, 2.1]]}
{"bids": [[9383.78, 0.36489786], [9383.77, 2.70193066], [9383.76, 1.31708472], [9383.33, 1.38654001], [9382.66, 2.0], [9379.72, 1.0], [9379.23, 0.3935649], [9376.73, 1.0], [9371.01, 1.0]], "ts": 1567065167853, "asks": [[9393.38, 2.6606], [9393.74, 0.36395133], [9393.75, 1.0], [9394.07, 2.0], [9394.81, 2.0], [9396.29, 1.0], [9398.59, 3.6064351], [9400.64, 4.0], [9401.36, 3.0], [9402.04, 2.1]]}
{"bids": [[9383.78, 0.36489786], [9383.77, 2.70193066], [9383.76, 1.31708472], [9383.33, 1.38654001], [9382.66, 2.0], [9379.72, 1.0], [9379.23, 0.3935649], [9376.73, 1.0], [9371.01, 1.0]], "ts": 1567065167853, "asks": [[9393.38, 2.6606], [9393.74, 0.36395133], [9393.75, 1.0], [9394.81, 2.0], [9396.29, 1.0], [9398.59, 3.6064351], [9400.64, 4.0], [9401.36, 3.0], [9402.04, 2.1]]}
{"bids": [[9383.78, 0.36489786], [9383.77, 2.70193066], [9383.76, 1.31708472], [9383.33, 1.38654001], [9383.14, 2.0], [9382.66, 2.0], [9379.72, 1.0], [9379.23, 0.3935649], [9376.73, 1.0], [9371.01, 1.0]], "ts": 1567065167854, "asks": [[9393.38, 2.6606], [9393.74, 0.36395133], [9393.75, 1.0], [9394.81, 2.0], [9396.29, 1.0], [9398.59, 3.6064351], [9400.64, 4.0], [9401.36, 3.0], [9402.04, 2.1]]}
{"bids": [[9383.78, 0.36489786], [9383.77, 2.70193066], [9383.76, 1.31708472], [9383.33, 1.38654001], [9383.14, 2.0], [9382.66, 2.0], [9379.72, 1.0], [9379.23, 0.3935649], [9376.73, 1.0], [9371.01, 1.0]], "ts": 1567065167931, "asks": [[9393.38, 2.6606], [9393.74, 0.36395133], [9393.75, 1.0], [9394.81, 2.0], [9395.29, 2.0], [9396.29, 1.0], [9398.59, 3.6064351], [9400.64, 4.0], [9401.36, 3.0], [9402.04, 2.1]]}
{"bids": [[9383.78, 0.36489786], [9383.77, 2.70193066], [9383.76, 1.31708472], [9383.33, 1.38654001], [9383.14, 2.0], [9382.66, 2.0], [9379.72, 1.0], [9379.23, 0.3935649], [9376.73, 1.0], [9371.01, 1.0]], "ts": 1567065167991, "asks": [[9393.38, 2.6606], [9393.74, 0.36395133], [9393.75, 1.0], [9394.81, 2.0], [9395.29, 2.0], [9396.29, 1.0], [9398.59, 3.6064351], [9399.42, 0.05], [9400.64, 4.0], [9401.36, 3.0]]}
{"bids": [[9383.78, 0.36489786], [9383.77, 2.70193066], [9383.76, 1.31708472], [9383.33, 1.38654001], [9383.14, 2.0], [9382.66, 2.0], [9379.72, 1.0], [9379.23, 0.3935649], [9376.73, 1.0], [9371.01, 1.0]], "ts": 1567065168366, "asks": [[9393.38, 2.6606], [9393.74, 0.36395133], [9393.75, 1.0], [9394.81, 2.0], [9395.29, 2.0], [9396.29, 1.0], [9398.59, 3.6064351], [9399.42, 0.05], [9400.64, 4.0], [9401.36, 3.0]]}
{"bids": [[9383.78, 0.36489786], [9383.77, 2.70193066], [9383.76, 1.31708472], [9383.33, 1.38654001], [9383.14, 2.0], [9382.66, 2.0], [9379.72, 1.0], [9379.23, 0.3935649], [9376.73, 1.0], [9371.01, 1.0]], "ts": 1567065168366, "asks": [[9393.38, 2.6606], [9393.74, 0.36395133], [9393.75, 1.0], [9394.81, 2.0], [9395.29, 2.0], [9396.29, 1.0], [9398.59, 3.6064351], [9399.42, 0.05], [9400.64, 4.0], [9401.36, 3.0]]}
{"bids": [[9383.78, 0.36489786], [9383.77, 2.70193066], [9383.76, 1.31708472], [9383.33, 1.38654001], [9383.14, 2.0], [9382.66, 2.0], [9379.72, 1.0], [9379.23, 0.3935649], [9376.73, 1.0], [9371.01, 1.0]], "ts": 1567065168371, "asks": [[9393.38, 2.6606], [9393.74, 0.36395133], [9393.75, 1.0], [9394.81, 2.0], [9395.29, 2.0], [9396.29, 1.0], [9398.59, 3.6064351], [9399.42, 0.05], [9400.64, 4.0], [9401.36, 3.0]]}
{"bids": [[9383.78, 0.36489786], [9383.77, 2.70193066], [9383.76, 1.31708472], [9383.33, 1.38654001], [9383.14, 2.0], [9382.66, 2.0], [9379.72, 1.0], [9379.23, 0.3935649], [9376.73, 1.0], [9371.01, 1.0]], "ts": 1567065168371, "asks": [[9393.38, 2.6606], [9393.74, 0.36395133], [9393.75, 1.0], [9394.81, 2.0], [9395.29, 2.0], [9396.29, 1.0], [9398.59, 3.6064351], [9399.42, 0.05], [9400.64, 4.0], [9401.36, 3.0]]}
{"bids": [[9383.78, 0.36489786], [9383.77, 2.70193066], [9383.76, 1.31708472], [9383.33, 1.38654001], [9383.14, 2.0], [9382.66, 2.0], [9379.72, 1.0], [9379.23, 0.3935649], [9376.73, 1.0], [9371.01, 1.0]], "ts": 1567065168444, "asks": [[9393.74, 0.36395133], [9393.75, 1.0], [9394.81, 2.0], [9395.29, 2.0], [9396.29, 1.0], [9398.59, 3.6064351], [9399.42, 0.05], [9400.64, 4.0], [9401.36, 3.0]]}
{"bids": [[9383.78, 0.36489786], [9383.77, 2.70193066], [9383.76, 1.31708472], [9383.33, 1.38654001], [9383.14, 2.0], [9382.66, 2.0], [9379.72, 1.0], [9379.23, 0.3935649], [9376.73, 1.0], [9371.01, 1.0]], "ts": 1567065168466, "asks": [[9393.74, 0.36395133], [9393.75, 1.0], [9393.92, 2.6612], [9394.81, 2.0], [9395.29, 2.0], [9396.29, 1.0], [9398.59, 3.6064351], [9399.42, 0.05], [9400.64, 4.0], [9401.36, 3.0]]}
{"bids": [[9383.78, 0.36489786], [9383.77, 2.70193066], [9383.76, 1.31708472], [9383.33, 1.38654001], [9382.66, 2.0], [9379.72, 1.0], [9379.23, 0.3935649], [9376.73, 1.0], [9371.01, 1.0]], "ts": 1567065168637, "asks": [[9393.74, 0.36395133], [9393.75, 1.0], [9393.92, 2.6612], [9394.81, 2.0], [9395.29, 2.0], [9396.29, 1.0], [9398.59, 3.6064351], [9399.42, 0.05], [9400.64, 4.0], [9401.36, 3.0]]}
{"bids": [[9383.78, 0.36489786], [9383.77, 2.70193066], [9383.76, 1.31708472], [9383.33, 1.38654001], [9382.66, 2.0], [9379.72, 1.0], [9379.23, 0.3935649], [9376.73, 1.0], [9371.01, 1.0]], "ts": 1567065168637, "asks": [[9393.74, 0.36395133], [9393.75, 1.0], [9393.92, 2.6612], [9394.81, 2.0], [9396.29, 1.0], [9398.59, 3.6064351], [9399.42, 0.05], [9400.64, 4.0], [9401.36, 3.0]]}
{"bids": [[9383.78, 0.36489786], [9383.77, 2.70193066], [9383.76, 1.31708472], [9383.33, 1.38654001], [9382.66, 2.0], [9379.72, 1.0], [9379.23, 0.3935649], [9376.73, 1.0], [9371.01, 1.0]], "ts": 1567065168672, "asks": [[9393.74, 0.36395133], [9393.75, 1.0], [9393.92, 2.6612], [9394.81, 2.0], [9396.29, 1.0], [9398.59, 3.6064351], [9399.42, 0.05], [9400.64, 4.0], [9401.36, 3.0]]}
{"bids": [[9383.79, 2.0], [9383.78, 0.36489786], [9383.77, 2.70193066], [9383.76, 1.31708472], [9383.33, 1.38654001], [9382.66, 2.0], [9379.72, 1.0], [9379.23, 0.3935649], [9376.73, 1.0], [9371.01, 1.0]], "ts": 1567065168673, "asks": [[9393.74, 0.36395133], [9393.75, 1.0], [9393.92, 2.6612], [9394.81, 2.0], [9396.29, 1.0], [9398.59, 3.6064351], [9399.42, 0.05], [9400.64, 4.0], [9401.36, 3.0]]}
{"bids": [[9383.8, 2.0], [9383.79, 2.0], [9383.78, 0.36489786], [9383.77, 2.70193066], [9383.76, 1.31708472], [9383.33, 1.38654001], [9382.66, 2.0], [9379.72, 1.0], [9379.23, 0.3935649], [9376.73, 1.0]], "ts": 1567065168673, "asks": [[9393.74, 0.36395133], [9393.75, 1.0], [9393.92, 2.6612], [9394.81, 2.0], [9396.29, 1.0], [9398.59, 3.6064351], [9399.42, 0.05], [9400.64, 4.0], [9401.36, 3.0]]}
{"bids": [[9383.8, 2.0], [9383.79, 2.0], [9383.78, 0.36489786], [9383.77, 2.70193066], [9383.76, 1.31708472], [9383.33, 1.38654001], [9382.66, 2.0], [9379.72, 1.0], [9379.23, 0.3935649], [9376.73, 1.0]], "ts": 1567065168676, "asks": [[9393.74, 0.36395133], [9393.75, 1.0], [9393.92, 2.6612], [9394.81, 2.0], [9396.29, 1.0], [9396.51, 2.0], [9398.59, 3.6064351], [9399.42, 0.05], [9400.64, 4.0], [9401.36, 3.0]]}
{"bids": [[9383.8, 2.0], [9383.78, 0.36489786], [9383.77, 2.70193066], [9383.76, 1.31708472], [9383.33, 1.38654001], [9382.66, 2.0], [9379.72, 1.0], [9379.23, 0.3935649], [9376.73, 1.0]], "ts": 1567065168676, "asks": [[9393.74, 0.36395133], [9393.75, 1.0], [9393.92, 2.6612], [9394.81, 2.0], [9396.29, 1.0], [9396.51, 2.0], [9398.59, 3.6064351], [9399.42, 0.05], [9400.64, 4.0], [9401.36, 3.0]]}
{"bids": [[9383.84, 0.123], [9383.8, 2.0], [9383.78, 0.36489786], [9383.77, 2.70193066], [9383.76, 1.31708472], [9383.33, 1.38654001], [9382.66, 2.0], [9379.72, 1.0], [9379.23, 0.3935649], [9376.73, 1.0]], "ts": 1567065168713, "asks": [[9393.74, 0.36395133], [9393.75, 1.0], [9393.92, 2.6612], [9394.81, 2.0], [9396.29, 1.0], [9396.51, 2.0], [9398.59, 3.6064351], [9399.42, 0.05], [9400.64, 4.0], [9401.36, 3.0]]}
{"bids": [[9383.84, 0.123], [9383.81, 2.0], [9383.8, 2.0], [9383.78, 0.36489786], [9383.77, 2.70193066], [9383.76, 1.31708472], [9383.33, 1.38654001], [9382.66, 2.0], [9379.72, 1.0], [9379.23, 0.3935649]], "ts": 1567065168713, "asks": [[9393.74, 0.36395133], [9393.75, 1.0], [9393.92, 2.6612], [9394.81, 2.0], [9396.29, 1.0], [9396.51, 2.0], [9398.59, 3.6064351], [9399.42, 0.05], [9400.64, 4.0], [9401.36, 3.0]]}
{"bids": [[9383.85, 2.0], [9383.84, 0.123], [9383.81, 2.0], [9383.8, 2.0], [9383.78, 0.36489786], [9383.77, 2.70193066], [9383.76, 1.31708472], [9383.33, 1.38654001], [9382.66, 2.0], [9379.72, 1.0]], "ts": 1567065168854, "asks": [[9393.74, 0.36395133], [9393.75, 1.0], [9393.92, 2.6612], [9394.81, 2.0], [9396.29, 1.0], [9396.51, 2.0], [9398.59, 3.6064351], [9399.42, 0.05], [9400.64, 4.0], [9401.36, 3.0]]}
{"bids": [[9383.85, 2.0], [9383.84, 0.123], [9383.8, 2.0], [9383.78, 0.36489786], [9383.77, 2.70193066], [9383.76, 1.31708472], [9383.33, 1.38654001], [9382.66, 2.0], [9379.72, 1.0]], "ts": 1567065168855, "asks": [[9393.74, 0.36395133], [9393.75, 1.0], [9393.92, 2.6612], [9394.81, 2.0], [9396.29, 1.0], [9396.51, 2.0], [9398.59, 3.6064351], [9399.42, 0.05], [9400.64, 4.0], [9401.36, 3.0]]}
{"bids": [[9383.85, 2.0], [9383.8, 2.0], [9383.78, 0.36489786], [9383.77, 2.70193066], [9383.76, 1.31708472], [9383.33, 1.38654001], [9382.66, 2.0], [9379.72, 1.0]], "ts": 1567065168855, "asks": [[9393.74, 0.36395133], [9393.75, 1.0], [9393.92, 2.6612], [9394.81, 2.0], [9396.29, 1.0], [9396.51, 2.0], [9398.59, 3.6064351], [9399.42, 0.05], [9400.64, 4.0], [9401.36, 3.0]]}
{"bids": [[9383.85, 2.0], [9383.78, 0.36489786], [9383.77, 2.70193066], [9383.76, 1.31708472], [9383.33, 1.38654001], [9382.66, 2.0], [9379.72, 1.0]], "ts": 1567065168856, "asks": [[9393.74, 0.36395133], [9393.75, 1.0], [9393.92, 2.6612], [9394.81, 2.0], [9396.29, 1.0], [9396.51, 2.0], [9398.59, 3.6064351], [9399.42, 0.05], [9400.64, 4.0], [9401.36, 3.0]]}
{"bids": [[9383.86, 2.0], [9383.85, 2.0], [9383.78, 0.36489786], [9383.77, 2.70193066], [9383.76, 1.31708472], [9383.33, 1.38654001], [9382.66, 2.0], [9379.72, 1.0]], "ts": 1567065168856, "asks": [[9393.74, 0.36395133], [9393.75, 1.0], [9393.92, 2.6612], [9394.81, 2.0], [9396.29, 1.0], [9396.51, 2.0], [9398.59, 3.6064351], [9399.42, 0.05], [9400.64, 4.0], [9401.36, 3.0]]}
{"bids": [[9383.87, 2.0], [9383.86, 2.0], [9383.85, 2.0], [9383.78, 0.36489786], [9383.77, 2.70193066], [9383.76, 1.31708472], [9383.33, 1.38654001], [9382.66, 2.0], [9379.72, 1.0]], "ts": 1567065168894, "asks": [[9393.74, 0.36395133], [9393.75, 1.0], [9393.92, 2.6612], [9394.81, 2.0], [9396.29, 1.0], [9396.51, 2.0], [9398.59, 3.6064351], [9399.42, 0.05], [9400.64, 4.0], [9401.36, 3.0]]}
{"bids": [[9383.91, 0.1], [9383.87, 2.0], [9383.86, 2.0], [9383.85, 2.0], [9383.78, 0.36489786], [9383.77, 2.70193066], [9383.76, 1.31708472], [9383.33, 1.38654001], [9382.66, 2.0], [9379.72, 1.0]], "ts": 1567065168894, "asks": [[9393.74, 0.36395133], [9393.75, 1.0], [9393.92, 2.6612], [9394.81, 2.0], [9396.29, 1.0], [9396.51, 2.0], [9398.59, 3.6064351], [9399.42, 0.05], [9400.64, 4.0], [9401.36, 3.0]]}
{"bids": [[9383.91, 0.1], [9383.87, 2.0], [9383.85, 2.0], [9383.78, 0.36489786], [9383.77, 2.70193066], [9383.76, 1.31708472], [9383.33, 1.38654001], [9382.66, 2.0], [9379.72, 1.0]], "ts": 1567065168894, "asks": [[9393.74, 0.36395133], [9393.75, 1.0], [9393.92, 2.6612], [9394.81, 2.0], [9396.29, 1.0], [9396.51, 2.0], [9398.59, 3.6064351], [9399.42, 0.05], [9400.64, 4.0], [9401.36, 3.0]]}
{"bids": [[9383.92, 2.0], [9383.91, 0.1], [9383.87, 2.0], [9383.85, 2.0], [9383.78, 0.36489786], [9383.77, 2.70193066], [9383.76, 1.31708472], [9383.33, 1.38654001], [9382.66, 2.0], [9379.72, 1.0]], "ts": 1567065168895, "asks": [[9393.74, 0.36395133], [9393.75, 1.0], [9393.92, 2.6612], [9394.81, 2.0], [9396.29, 1.0], [9396.51, 2.0], [9398.59, 3.6064351], [9399.42, 0.05], [9400.64, 4.0], [9401.36, 3.0]]}
{"bids": [[9383.93, 2.0], [9383.92, 2.0], [9383.91, 0.1], [9383.87, 2.0], [9383.85, 2.0], [9383.78, 0.36489786], [9383.77, 2.70193066], [9383.76, 1.31708472], [9383.33, 1.38654001], [9382.66, 2.0]], "ts": 1567065168895, "asks": [[9393.74, 0.36395133], [9393.75, 1.0], [9393.92, 2.6612], [9394.81, 2.0], [9396.29, 1.0], [9396.51, 2.0], [9398.59, 3.6064351], [9399.42, 0.05], [9400.64, 4.0], [9401.36, 3.0]]}
{"bids": [[9383.93, 2.0], [9383.92, 2.0], [9383.91, 0.1], [9383.87, 2.0], [9383.78, 0.36489786], [9383.77, 2.70193066], [9383.76, 1.31708472], [9383.33, 1.38654001], [9382.66, 2.0]], "ts": 1567065168895, "asks": [[9393.74, 0.36395133], [9393.75, 1.0], [9393.92, 2.6612], [9394.81, 2.0], [9396.29, 1.0], [9396.51, 2.0], [9398.59, 3.6064351], [9399.42, 0.05], [9400.64, 4.0], [9401.36, 3.0]]}
{"bids": [[9383.93, 2.0], [9383.92, 2.0], [9383.91, 0.1], [9383.87, 2.0], [9383.78, 0.36489786], [9383.77, 2.70193066], [9383.76, 1.31708472], [9383.33, 1.38654001], [9382.66, 2.0]], "ts": 1567065168895, "asks": [[9393.75, 1.0], [9393.92, 2.6612], [9394.81, 2.0], [9396.29, 1.0], [9396.51, 2.0], [9398.59, 3.6064351], [9399.42, 0.05], [9400.64, 4.0], [9401.36, 3.0]]}
{"bids": [[9383.93, 2.0], [9383.92, 2.0], [9383.91, 0.1], [9383.87, 2.0], [9383.78, 0.36489786], [9383.77, 2.70193066], [9383.76, 1.31708472], [9383.33, 1.38654001], [9382.66, 2.0]], "ts": 1567065168896, "asks": [[9393.75, 1.0], [9393.92, 2.6612], [9394.81, 2.0], [9396.28, 0.3555042], [9396.29, 1.0], [9396.51, 2.0], [9398.59, 3.6064351], [9399.42, 0.05], [9400.64, 4.0], [9401.36, 3.0]]}
{"bids": [[9383.93, 2.0], [9383.91, 0.1], [9383.87, 2.0], [9383.78, 0.36489786], [9383.77, 2.70193066], [9383.76, 1.31708472], [9383.33, 1.38654001], [9382.66, 2.0]], "ts": 1567065168896, "asks": [[9393.75, 1.0], [9393.92, 2.6612], [9394.81, 2.0], [9396.28, 0.3555042], [9396.29, 1.0], [9396.51, 2.0], [9398.59, 3.6064351], [9399.42, 0.05], [9400.64, 4.0], [9401.36, 3.0]]}
{"bids": [[9383.93, 2.0], [9383.91, 0.1], [9383.87, 2.0], [9383.78, 0.36489786], [9383.77, 2.70193066], [9383.76, 1.31708472], [9383.33, 1.38654001], [9382.66, 2.0]], "ts": 1567065168896, "asks": [[9393.75, 1.0], [9393.92, 2.6612], [9394.81, 2.0], [9396.28, 0.3555042], [9396.29, 1.0], [9396.51, 2.0], [9398.59, 3.6064351], [9399.42, 0.05], [9400.64, 4.0], [9401.36, 3.0]]}
{"bids": [[9383.94, 2.0], [9383.93, 2.0], [9383.91, 0.1], [9383.87, 2.0], [9383.78, 0.36489786], [9383.77, 2.70193066], [9383.76, 1.31708472], [9383.33, 1.38654001], [9382.66, 2.0]], "ts": 1567065168897, "asks": [[9393.75, 1.0], [9393.92, 2.6612], [9394.81, 2.0], [9396.28, 0.3555042], [9396.29, 1.0], [9396.51, 2.0], [9398.59, 3.6064351], [9399.42, 0.05], [9400.64, 4.0], [9401.36, 3.0]]}
{"bids": [[9383.95, 2.0], [9383.94, 2.0], [9383.93, 2.0], [9383.91, 0.1], [9383.87, 2.0], [9383.78, 0.36489786], [9383.77, 2.70193066], [9383.76, 1.31708472], [9383.33, 1.38654001], [9382.66, 2.0]], "ts": 1567065168897, "asks": [[9393.75, 1.0], [9393.92, 2.6612], [9394.81, 2.0], [9396.28, 0.3555042], [9396.29, 1.0], [9396.51, 2.0], [9398.59, 3.6064351], [9399.42, 0.05], [9400.64, 4.0], [9401.36, 3.0]]}
{"bids": [[9383.95, 2.0], [9383.94, 2.0], [9383.93, 2.0], [9383.91, 0.1], [9383.87, 2.0], [9383.78, 0.36489786], [9383.77, 0.74061797], [9383.76, 1.31708472], [9383.33, 1.38654001], [9382.66, 2.0]], "ts": 1567065168897, "asks": [[9393.75, 1.0], [9393.92, 2.6612], [9394.81, 2.0], [9396.28, 0.3555042], [9396.29, 1.0], [9396.51, 2.0], [9398.59, 3.6064351], [9399.42, 0.05], [9400.64, 4.0], [9401.36, 3.0]]}
{"bids": [[9383.95, 2.0], [9383.93, 2.0], [9383.91, 0.1], [9383.87, 2.0], [9383.78, 0.36489786], [9383.77, 0.74061797], [9383.76, 1.31708472], [9383.33, 1.38654001], [9382.66, 2.0]], "ts": 1567065168897, "asks": [[9393.75, 1.0], [9393.92, 2.6612], [9394.81, 2.0], [9396.28, 0.3555042], [9396.29, 1.0], [9396.51, 2.0], [9398.59, 3.6064351], [9399.42, 0.05], [9400.64, 4.0], [9401.36, 3.0]]}
{"bids": [[9383.95, 2.0], [9383.93, 2.0], [9383.87, 2.0], [9383.78, 0.36489786], [9383.77, 0.74061797], [9383.76, 1.31708472], [9383.33, 1.38654001], [9382.66, 2.0]], "ts": 1567065168898, "asks": [[9393.75, 1.0], [9393.92, 2.6612], [9394.81, 2.0], [9396.28, 0.3555042], [9396.29, 1.0], [9396.51, 2.0], [9398.59, 3.6064351], [9399.42, 0.05], [9400.64, 4.0], [9401.36, 3.0]]}
{"bids": [[9383.99, 0.116], [9383.95, 2.0], [9383.93, 2.0], [9383.87, 2.0], [9383.78, 0.36489786], [9383.77, 0.74061797], [9383.76, 1.31708472], [9383.33, 1.38654001], [9382.66, 2.0]], "ts": 1567065168898, "asks": [[9393.75, 1.0], [9393.92, 2.6612], [9394.81, 2.0], [9396.28, 0.3555042], [9396.29, 1.0], [9396.51, 2.0], [9398.59, 3.6064351], [9399.42, 0.05], [9400.64, 4.0], [9401.36, 3.0]]}
{"bids": [[9383.99, 0.116], [9383.95, 2.0], [9383.87, 2.0], [9383.78, 0.36489786], [9383.77, 0.74061797], [9383.76, 1.31708472], [9383.33, 1.38654001], [9382.66, 2.0]], "ts": 1567065168898, "asks": [[9393.75, 1.0], [9393.92, 2.6612], [9394.81, 2.0], [9396.28, 0.3555042], [9396.29, 1.0], [9396.51, 2.0], [9398.59, 3.6064351], [9399.42, 0.05], [9400.64, 4.0], [9401.36, 3.0]]}
{"bids": [[9383.99, 0.116], [9383.95, 2.0], [9383.78, 0.36489786], [9383.77, 0.74061797], [9383.76, 1.31708472], [9383.33, 1.38654001], [9382.66, 2.0]], "ts": 1567065168898, "asks": [[9393.75, 1.0], [9393.92, 2.6612], [9394.81, 2.0], [9396.28, 0.3555042], [9396.29, 1.0], [9396.51, 2.0], [9398.59, 3.6064351], [9399.42, 0.05], [9400.64, 4.0], [9401.36, 3.0]]}
{"bids": [[9383.99, 0.116], [9383.96, 2.0], [9383.95, 2.0], [9383.78, 0.36489786], [9383.77, 0.74061797], [9383.76, 1.31708472], [9383.33, 1.38654001], [9382.66, 2.0]], "ts": 1567065168943, "asks": [[9393.75, 1.0], [9393.92, 2.6612], [9394.81, 2.0], [9396.28, 0.3555042], [9396.29, 1.0], [9396.51, 2.0], [9398.59, 3.6064351], [9399.42, 0.05], [9400.64, 4.0], [9401.36, 3.0]]}
{"bids": [[9384.0, 2.0], [9383.99, 0.116], [9383.96, 2.0], [9383.95, 2.0], [9383.78, 0.36489786], [9383.77, 0.74061797], [9383.76, 1.31708472], [9383.33, 1.38654001], [9382.66, 2.0]], "ts": 1567065168943, "asks": [[9393.75, 1.0], [9393.92, 2.6612], [9394.81, 2.0], [9396.28, 0.3555042], [9396.29, 1.0], [9396.51, 2.0], [9398.59, 3.6064351], [9399.42, 0.05], [9400.64, 4.0], [9401.36, 3.0]]}
{"bids": [[9384.0, 2.0], [9383.99, 0.116], [9383.95, 2.0], [9383.78, 0.36489786], [9383.77, 0.74061797], [9383.76, 1.31708472], [9383.33, 1.38654001], [9382.66, 2.0]], "ts": 1567065168944, "asks": [[9393.75, 1.0], [9393.92, 2.6612], [9394.81, 2.0], [9396.28, 0.3555042], [9396.29, 1.0], [9396.51, 2.0], [9398.59, 3.6064351], [9399.42, 0.05], [9400.64, 4.0], [9401.36, 3.0]]}
{"bids": [[9384.01, 2.0], [9384.0, 2.0], [9383.99, 0.116], [9383.95, 2.0], [9383.78, 0.36489786], [9383.77, 0.74061797], [9383.76, 1.31708472], [9383.33, 1.38654001], [9382.66, 2.0]], "ts": 1567065168944, "asks": [[9393.75, 1.0], [9393.92, 2.6612], [9394.81, 2.0], [9396.28, 0.3555042], [9396.29, 1.0], [9396.51, 2.0], [9398.59, 3.6064351], [9399.42, 0.05], [9400.64, 4.0], [9401.36, 3.0]]}
{"bids": [[9384.02, 2.0], [9384.01, 2.0], [9384.0, 2.0], [9383.99, 0.116], [9383.95, 2.0], [9383.78, 0.36489786], [9383.77, 0.74061797], [9383.76, 1.31708472], [9383.33, 1.38654001], [9382.66, 2.0]], "ts": 1567065168944, "asks": [[9393.75, 1.0], [9393.92, 2.6612], [9394.81, 2.0], [9396.28, 0.3555042], [9396.29, 1.0], [9396.51, 2.0], [9398.59, 3.6064351], [9399.42, 0.05], [9400.64, 4.0], [9401.36, 3.0]]}
{"bids": [[9384.02, 2.0], [9384.0, 2.0], [9383.99, 0.116], [9383.95, 2.0], [9383.78, 0.36489786], [9383.77, 0.74061797], [9383.76, 1.31708472], [9383.33, 1.38654001], [9382.66, 2.0]], "ts": 1567065168945, "asks": [[9393.75, 1.0], [9393.92, 2.6612], [9394.81, 2.0], [9396.28, 0.3555042], [9396.29, 1.0], [9396.51, 2.0], [9398.59, 3.6064351], [9399.42, 0.05], [9400.64, 4.0], [9401.36, 3.0]]}
{"bids": [[9384.02, 2.0], [9383.99, 0.116], [9383.95, 2.0], [9383.78, 0.36489786], [9383.77, 0.74061797], [9383.76, 1.31708472], [9383.33, 1.38654001], [9382.66, 2.0]], "ts": 1567065168945, "asks": [[9393.75, 1.0], [9393.92, 2.6612], [9394.81, 2.0], [9396.28, 0.3555042], [9396.29, 1.0], [9396.51, 2.0], [9398.59, 3.6064351], [9399.42, 0.05], [9400.64, 4.0], [9401.36, 3.0]]}
{"bids": [[9384.02, 2.0], [9383.95, 2.0], [9383.78, 0.36489786], [9383.77, 0.74061797], [9383.76, 1.31708472], [9383.33, 1.38654001], [9382.66, 2.0]], "ts": 1567065169110, "asks": [[9393.75, 1.0], [9393.92, 2.6612], [9394.81, 2.0], [9396.28, 0.3555042], [9396.29, 1.0], [9396.51, 2.0], [9398.59, 3.6064351], [9399.42, 0.05], [9400.64, 4.0], [9401.36, 3.0]]}
{"bids": [[9384.02, 2.0], [9383.78, 0.36489786], [9383.77, 0.74061797], [9383.76, 1.31708472], [9383.33, 1.38654001], [9382.66, 2.0]], "ts": 1567065169110, "asks": [[9393.75, 1.0], [9393.92, 2.6612], [9394.81, 2.0], [9396.28, 0.3555042], [9396.29, 1.0], [9396.51, 2.0], [9398.59, 3.6064351], [9399.42, 0.05], [9400.64, 4.0], [9401.36, 3.0]]}
{"bids": [[9384.02, 2.0], [9383.78, 0.36489786], [9383.77, 0.74061797], [9383.76, 1.31708472], [9383.33, 1.38654001], [9382.66, 2.0]], "ts": 1567065169111, "asks": [[9393.75, 1.0], [9393.92, 2.6612], [9394.81, 2.0], [9396.28, 0.3555042], [9396.29, 1.0], [9396.51, 2.0], [9398.59, 3.6064351], [9399.42, 0.05], [9400.64, 4.0], [9401.36, 3.0]]}
{"bids": [[9384.03, 2.0], [9384.02, 2.0], [9383.78, 0.36489786], [9383.77, 0.74061797], [9383.76, 1.31708472], [9383.33, 1.38654001], [9382.66, 2.0]], "ts": 1567065169111, "asks": [[9393.75, 1.0], [9393.92, 2.6612], [9394.81, 2.0], [9396.28, 0.3555042], [9396.29, 1.0], [9396.51, 2.0], [9398.59, 3.6064351], [9399.42, 0.05], [9400.64, 4.0], [9401.36, 3.0]]}
{"bids": [[9384.04, 2.0], [9384.03, 2.0], [9384.02, 2.0], [9383.78, 0.36489786], [9383.77, 0.74061797], [9383.76, 1.31708472], [9383.33, 1.38654001], [9382.66, 2.0]], "ts": 1567065169111, "asks": [[9393.75, 1.0], [9393.92, 2.6612], [9394.81, 2.0], [9396.28, 0.3555042], [9396.29, 1.0], [9396.51, 2.0], [9398.59, 3.6064351], [9399.42, 0.05], [9400.64, 4.0], [9401.36, 3.0]]}
{"bids": [[9384.04, 2.0], [9384.03, 2.0], [9384.02, 2.0], [9383.78, 0.36489786], [9383.77, 0.74061797], [9383.76, 1.31708472], [9383.33, 1.38654001], [9382.66, 2.0]], "ts": 1567065169112, "asks": [[9393.75, 1.0], [9393.91, 0.3555042], [9393.92, 2.6612], [9394.81, 2.0], [9396.28, 0.3555042], [9396.29, 1.0], [9396.51, 2.0], [9398.59, 3.6064351], [9399.42, 0.05], [9400.64, 4.0]]}
{"bids": [[9384.04, 2.0], [9384.03, 2.0], [9384.02, 2.0], [9383.78, 0.36489786], [9383.77, 0.74061797], [9383.76, 1.31708472], [9383.33, 1.38654001], [9382.66, 2.0]], "ts": 1567065169112, "asks": [[9393.75, 1.0], [9393.91, 0.3555042], [9393.92, 2.6612], [9394.81, 2.0], [9396.29, 1.0], [9396.51, 2.0], [9398.59, 3.6064351], [9399.42, 0.05], [9400.64, 4.0]]}
{"bids": [[9384.04, 2.0], [9384.02, 2.0], [9383.78, 0.36489786], [9383.77, 0.74061797], [9383.76, 1.31708472], [9383.33, 1.38654001], [9382.66, 2.0]], "ts": 1567065169112, "asks": [[9393.75, 1.0], [9393.91, 0.3555042], [9393.92, 2.6612], [9394.81, 2.0], [9396.29, 1.0], [9396.51, 2.0], [9398.59, 3.6064351], [9399.42, 0.05], [9400.64, 4.0]]}
{"bids": [[9384.04, 2.0], [9383.78, 0.36489786], [9383.77, 0.74061797], [9383.76, 1.31708472], [9383.33, 1.38654001], [9382.66, 2.0]], "ts": 1567065169112, "asks": [[9393.75, 1.0], [9393.91, 0.3555042], [9393.92, 2.6612], [9394.81, 2.0], [9396.29, 1.0], [9396.51, 2.0], [9398.59, 3.6064351], [9399.42, 0.05], [9400.64, 4.0]]}
{"bids": [[9384.05, 2.0], [9384.04, 2.0], [9383.78, 0.36489786], [9383.77, 0.74061797], [9383.76, 1.31708472], [9383.33, 1.38654001], [9382.66, 2.0]], "ts": 1567065169113, "asks": [[9393.75, 1.0], [9393.91, 0.3555042], [9393.92, 2.6612], [9394.81, 2.0], [9396.29, 1.0], [9396.51, 2.0], [9398.59, 3.6064351], [9399.42, 0.05], [9400.64, 4.0]]}
{"bids": [[9384.06, 2.0], [9384.05, 2.0], [9384.04, 2.0], [9383.78, 0.36489786], [9383.77, 0.74061797], [9383.76, 1.31708472], [9383.33, 1.38654001], [9382.66, 2.0]], "ts": 1567065169113, "asks": [[9393.75, 1.0], [9393.91, 0.3555042], [9393.92, 2.6612], [9394.81, 2.0], [9396.29, 1.0], [9396.51, 2.0], [9398.59, 3.6064351], [9399.42, 0.05], [9400.64, 4.0]]}
{"bids": [[9384.06, 2.0], [9384.04, 2.0], [9383.78, 0.36489786], [9383.77, 0.74061797], [9383.76, 1.31708472], [9383.33, 1.38654001], [9382.66, 2.0]], "ts": 1567065169113, "asks": [[9393.75, 1.0], [9393.91, 0.3555042], [9393.92, 2.6612], [9394.81, 2.0], [9396.29, 1.0], [9396.51, 2.0], [9398.59, 3.6064351], [9399.42, 0.05], [9400.64, 4.0]]}
{"bids": [[9384.06, 2.0], [9383.78, 0.36489786], [9383.77, 0.74061797], [9383.76, 1.31708472], [9383.33, 1.38654001], [9382.66, 2.0]], "ts": 1567065169113, "asks": [[9393.75, 1.0], [9393.91, 0.3555042], [9393.92, 2.6612], [9394.81, 2.0], [9396.29, 1.0], [9396.51, 2.0], [9398.59, 3.6064351], [9399.42, 0.05], [9400.64, 4.0]]}
{"bids": [[9384.06, 2.0], [9383.78, 0.36489786], [9383.77, 0.74061797], [9383.76, 1.31708472], [9383.33, 1.38654001], [9382.66, 2.0]], "ts": 1567065169114, "asks": [[9393.75, 1.0], [9393.91, 0.3555042], [9394.81, 2.0], [9396.29, 1.0], [9396.51, 2.0], [9398.59, 3.6064351], [9399.42, 0.05], [9400.64, 4.0]]}
{"bids": [[9384.06, 2.0], [9383.78, 0.36489786], [9383.77, 0.74061797], [9383.76, 1.31708472], [9383.33, 1.38654001], [9382.66, 2.0]], "ts": 1567065169114, "asks": [[9393.71, 7.15180803], [9393.75, 1.0], [9393.91, 0.3555042], [9394.81, 2.0], [9396.29, 1.0], [9396.51, 2.0], [9398.59, 3.6064351], [9399.42, 0.05], [9400.64, 4.0]]}
{"bids": [[9384.07, 2.0], [9384.06, 2.0], [9383.78, 0.36489786], [9383.77, 0.74061797], [9383.76, 1.31708472], [9383.33, 1.38654001], [9382.66, 2.0]], "ts": 1567065169115, "asks": [[9393.71, 7.15180803], [9393.75, 1.0], [9393.91, 0.3555042], [9394.81, 2.0], [9396.29, 1.0], [9396.51, 2.0], [9398.59, 3.6064351], [9399.42, 0.05], [9400.64, 4.0]]}
{"bids": [[9384.08, 2.0], [9384.07, 2.0], [9384.06, 2.0], [9383.78, 0.36489786], [9383.77, 0.74061797], [9383.76, 1.31708472], [9383.33, 1.38654001], [9382.66, 2.0]], "ts": 1567065169115, "asks": [[9393.71, 7.15180803], [9393.75, 1.0], [9393.91, 0.3555042], [9394.81, 2.0], [9396.29, 1.0], [9396.51, 2.0], [9398.59, 3.6064351], [9399.42, 0.05], [9400.64, 4.0]]}
{"bids": [[9384.08, 2.0], [9384.06, 2.0], [9383.78, 0.36489786], [9383.77, 0.74061797], [9383.76, 1.31708472], [9383.33, 1.38654001], [9382.66, 2.0]], "ts": 1567065169161, "asks": [[9393.71, 7.15180803], [9393.75, 1.0], [9393.91, 0.3555042], [9394.81, 2.0], [9396.29, 1.0], [9396.51, 2.0], [9398.59, 3.6064351], [9399.42, 0.05], [9400.64, 4.0]]}
{"bids": [[9384.08, 2.0], [9383.78, 0.36489786], [9383.77, 0.74061797], [9383.76, 1.31708472], [9383.33, 1.38654001], [9382.66, 2.0]], "ts": 1567065169161, "asks": [[9393.71, 7.15180803], [9393.75, 1.0], [9393.91, 0.3555042], [9394.81, 2.0], [9396.29, 1.0], [9396.51, 2.0], [9398.59, 3.6064351], [9399.42, 0.05], [9400.64, 4.0]]}
{"bids": [[9384.09, 2.0], [9384.08, 2.0], [9383.78, 0.36489786], [9383.77, 0.74061797], [9383.76, 1.31708472], [9383.33, 1.38654001], [9382.66, 2.0]], "ts": 1567065169162, "asks": [[9393.71, 7.15180803], [9393.75, 1.0], [9393.91, 0.3555042], [9394.81, 2.0], [9396.29, 1.0], [9396.51, 2.0], [9398.59, 3.6064351], [9399.42, 0.05], [9400.64, 4.0]]}
{"bids": [[9384.1, 2.0], [9384.09, 2.0], [9384.08, 2.0], [9383.78, 0.36489786], [9383.77, 0.74061797], [9383.76, 1.31708472], [9383.33, 1.38654001], [9382.66, 2.0]], "ts": 1567065169162, "asks": [[9393.71, 7.15180803], [9393.75, 1.0], [9393.91, 0.3555042], [9394.81, 2.0], [9396.29, 1.0], [9396.51, 2.0], [9398.59, 3.6064351], [9399.42, 0.05], [9400.64, 4.0]]}
{"bids": [[9384.1, 2.0], [9384.08, 2.0], [9383.78, 0.36489786], [9383.77, 0.74061797], [9383.76, 1.31708472], [9383.33, 1.38654001], [9382.66, 2.0]], "ts": 1567065169162, "asks": [[9393.71, 7.15180803], [9393.75, 1.0], [9393.91, 0.3555042], [9394.81, 2.0], [9396.29, 1.0], [9396.51, 2.0], [9398.59, 3.6064351], [9399.42, 0.05], [9400.64, 4.0]]}
{"bids": [[9384.1, 2.0], [9383.78, 0.36489786], [9383.77, 0.74061797], [9383.76, 1.31708472], [9383.33, 1.38654001], [9382.66, 2.0]], "ts": 1567065169163, "asks": [[9393.71, 7.15180803], [9393.75, 1.0], [9393.91, 0.3555042], [9394.81, 2.0], [9396.29, 1.0], [9396.51, 2.0], [9398.59, 3.6064351], [9399.42, 0.05], [9400.64, 4.0]]}
{"bids": [[9384.1, 2.0], [9383.78, 0.36489786], [9383.77, 0.74061797], [9383.76, 1.31708472], [9383.33, 1.38654001], [9382.66, 2.0]], "ts": 1567065169163, "asks": [[9393.57, 2.6426], [9393.71, 7.15180803], [9393.75, 1.0], [9393.91, 0.3555042], [9394.81, 2.0], [9396.29, 1.0], [9396.51, 2.0], [9398.59, 3.6064351], [9399.42, 0.05], [9400.64, 4.0]]}
{"bids": [[9384.11, 2.0], [9384.1, 2.0], [9383.78, 0.36489786], [9383.77, 0.74061797], [9383.76, 1.31708472], [9383.33, 1.38654001], [9382.66, 2.0]], "ts": 1567065169163, "asks": [[9393.57, 2.6426], [9393.71, 7.15180803], [9393.75, 1.0], [9393.91, 0.3555042], [9394.81, 2.0], [9396.29, 1.0], [9396.51, 2.0], [9398.59, 3.6064351], [9399.42, 0.05], [9400.64, 4.0]]}
{"bids": [[9384.12, 2.0], [9384.11, 2.0], [9384.1, 2.0], [9383.78, 0.36489786], [9383.77, 0.74061797], [9383.76, 1.31708472], [9383.33, 1.38654001], [9382.66, 2.0]], "ts": 1567065169163, "asks": [[9393.57, 2.6426], [9393.71, 7.15180803], [9393.75, 1.0], [9393.91, 0.3555042], [9394.81, 2.0], [9396.29, 1.0], [9396.51, 2.0], [9398.59, 3.6064351], [9399.42, 0.05], [9400.64, 4.0]]}
{"bids": [[9384.12, 2.0], [9384.1, 2.0], [9383.78, 0.36489786], [9383.77, 0.74061797], [9383.76, 1.31708472], [9383.33, 1.38654001], [9382.66, 2.0]], "ts": 1567065169164, "asks": [[9393.57, 2.6426], [9393.71, 7.15180803], [9393.75, 1.0], [9393.91, 0.3555042], [9394.81, 2.0], [9396.29, 1.0], [9396.51, 2.0], [9398.59, 3.6064351], [9399.42, 0.05], [9400.64, 4.0]]}
{"bids": [[9384.12, 2.0], [9383.78, 0.36489786], [9383.77, 0.74061797], [9383.76, 1.31708472], [9383.33, 1.38654001], [9382.66, 2.0]], "ts": 1567065169164, "asks": [[9393.57, 2.6426], [9393.71, 7.15180803], [9393.75, 1.0], [9393.91, 0.3555042], [9394.81, 2.0], [9396.29, 1.0], [9396.51, 2.0], [9398.59, 3.6064351], [9399.42, 0.05], [9400.64, 4.0]]}
{"bids": [[9384.13, 2.0], [9384.12, 2.0], [9383.78, 0.36489786], [9383.77, 0.74061797], [9383.76, 1.31708472], [9383.33, 1.38654001], [9382.66, 2.0]], "ts": 1567065169164, "asks": [[9393.57, 2.6426], [9393.71, 7.15180803], [9393.75, 1.0], [9393.91, 0.3555042], [9394.81, 2.0], [9396.29, 1.0], [9396.51, 2.0], [9398.59, 3.6064351], [9399.42, 0.05], [9400.64, 4.0]]}
{"bids": [[9384.14, 2.0], [9384.13, 2.0], [9384.12, 2.0], [9383.78, 0.36489786], [9383.77, 0.74061797], [9383.76, 1.31708472], [9383.33, 1.38654001], [9382.66, 2.0]], "ts": 1567065169165, "asks": [[9393.57, 2.6426], [9393.71, 7.15180803], [9393.75, 1.0], [9393.91, 0.3555042], [9394.81, 2.0], [9396.29, 1.0], [9396.51, 2.0], [9398.59, 3.6064351], [9399.42, 0.05], [9400.64, 4.0]]}
{"bids": [[9384.14, 2.0], [9384.12, 2.0], [9383.78, 0.36489786], [9383.77, 0.74061797], [9383.76, 1.31708472], [9383.33, 1.38654001], [9382.66, 2.0]], "ts": 1567065169165, "asks": [[9393.57, 2.6426], [9393.71, 7.15180803], [9393.75, 1.0], [9393.91, 0.3555042], [9394.81, 2.0], [9396.29, 1.0], [9396.51, 2.0], [9398.59, 3.6064351], [9399.42, 0.05], [9400.64, 4.0]]}
{"bids": [[9384.14, 2.0], [9383.78, 0.36489786], [9383.77, 0.74061797], [9383.76, 1.31708472], [9383.33, 1.38654001], [9382.66, 2.0]], "ts": 1567065169165, "asks": [[9393.57, 2.6426], [9393.71, 7.15180803], [9393.75, 1.0], [9393.91, 0.3555042], [9394.81, 2.0], [9396.29, 1.0], [9396.51, 2.0], [9398.59, 3.6064351], [9399.42, 0.05], [9400.64, 4.0]]}
{"bids": [[9384.15, 2.0], [9384.14, 2.0], [9383.78, 0.36489786], [9383.77, 0.74061797], [9383.76, 1.31708472], [9383.33, 1.38654001], [9382.66, 2.0]], "ts": 1567065169165, "asks": [[9393.57, 2.6426], [9393.71, 7.15180803], [9393.75, 1.0], [9393.91, 0.3555042], [9394.81, 2.0], [9396.29, 1.0], [9396.51, 2.0], [9398.59, 3.6064351], [9399.42, 0.05], [9400.64, 4.0]]}
{"bids": [[9384.16, 2.0], [9384.15, 2.0], [9384.14, 2.0], [9383.78, 0.36489786], [9383.77, 0.74061797], [9383.76, 1.31708472], [9383.33, 1.38654001], [9382.66, 2.0]], "ts": 1567065169166, "asks": [[9393.57, 2.6426], [9393.71, 7.15180803], [9393.75, 1.0], [9393.91, 0.3555042], [9394.81, 2.0], [9396.29, 1.0], [9396.51, 2.0], [9398.59, 3.6064351], [9399.42, 0.05], [9400.64, 4.0]]}
{"bids": [[9384.16, 2.0], [9384.14, 2.0], [9383.78, 0.36489786], [9383.77, 0.74061797], [9383.76, 1.31708472], [9383.33, 1.38654001], [9382.66, 2.0]], "ts": 1567065169166, "asks": [[9393.57, 2.6426], [9393.71, 7.15180803], [9393.75, 1.0], [9393.91, 0.3555042], [9394.81, 2.0], [9396.29, 1.0], [9396.51, 2.0], [9398.59, 3.6064351], [9399.42, 0.05], [9400.64, 4.0]]}
{"bids": [[9384.16, 2.0], [9383.78, 0.36489786], [9383.77, 0.74061797], [9383.76, 1.31708472], [9383.33, 1.38654001], [9382.66, 2.0]], "ts": 1567065169166, "asks": [[9393.57, 2.6426], [9393.71, 7.15180803], [9393.75, 1.0], [9393.91, 0.3555042], [9394.81, 2.0], [9396.29, 1.0], [9396.51, 2.0], [9398.59, 3.6064351], [9399.42, 0.05], [9400.64, 4.0]]}
{"bids": [[9384.16, 2.0], [9383.78, 0.36489786], [9383.77, 0.74061797], [9383.76, 1.31708472], [9383.33, 1.38654001], [9382.66, 2.0]], "ts": 1567065169166, "asks": [[9393.57, 2.6426], [9393.75, 1.0], [9393.91, 0.3555042], [9394.81, 2.0], [9396.29, 1.0], [9396.51, 2.0], [9398.59, 3.6064351], [9399.42, 0.05], [9400.64, 4.0]]}
{"bids": [[9384.17, 2.0], [9384.16, 2.0], [9383.78, 0.36489786], [9383.77, 0.74061797], [9383.76, 1.31708472], [9383.33, 1.38654001], [9382.66, 2.0]], "ts": 1567065169167, "asks": [[9393.57, 2.6426], [9393.75, 1.0], [9393.91, 0.3555042], [9394.81, 2.0], [9396.29, 1.0], [9396.51, 2.0], [9398.59, 3.6064351], [9399.42, 0.05], [9400.64, 4.0]]}
{"bids": [[9384.18, 2.0], [9384.17, 2.0], [9384.16, 2.0], [9383.78, 0.36489786], [9383.77, 0.74061797], [9383.76, 1.31708472], [9383.33, 1.38654001], [9382.66, 2.0]], "ts": 1567065169595, "asks": [[9393.57, 2.6426], [9393.75, 1.0], [9393.91, 0.3555042], [9394.81, 2.0], [9396.29, 1.0], [9396.51, 2.0], [9398.59, 3.6064351], [9399.42, 0.05], [9400.64, 4.0]]}
{"bids": [[9384.18, 2.0], [9384.16, 2.0], [9383.78, 0.36489786], [9383.77, 0.74061797], [9383.76, 1.31708472], [9383.33, 1.38654001], [9382.66, 2.0]], "ts": 1567065169595, "asks": [[9393.57, 2.6426], [9393.75, 1.0], [9393.91, 0.3555042], [9394.81, 2.0], [9396.29, 1.0], [9396.51, 2.0], [9398.59, 3.6064351], [9399.42, 0.05], [9400.64, 4.0]]}
{"bids": [[9384.18, 2.0], [9383.78, 0.36489786], [9383.77, 0.74061797], [9383.76, 1.31708472], [9383.33, 1.38654001], [9382.66, 2.0]], "ts": 1567065169596, "asks": [[9393.57, 2.6426], [9393.75, 1.0], [9393.91, 0.3555042], [9394.81, 2.0], [9396.29, 1.0], [9396.51, 2.0], [9398.59, 3.6064351], [9399.42, 0.05], [9400.64, 4.0]]}
{"bids": [[9384.19, 2.0], [9384.18, 2.0], [9383.78, 0.36489786], [9383.77, 0.74061797], [9383.76, 1.31708472], [9383.33, 1.38654001], [9382.66, 2.0]], "ts": 1567065169596, "asks": [[9393.57, 2.6426], [9393.75, 1.0], [9393.91, 0.3555042], [9394.81, 2.0], [9396.29, 1.0], [9396.51, 2.0], [9398.59, 3.6064351], [9399.42, 0.05], [9400.64, 4.0]]}
{"bids": [[9384.2, 2.0], [9384.19, 2.0], [9384.18, 2.0], [9383.78, 0.36489786], [9383.77, 0.74061797], [9383.76, 1.31708472], [9383.33, 1.38654001], [9382.66, 2.0]], "ts": 1567065169596, "asks": [[9393.57, 2.6426], [9393.75, 1.0], [9393.91, 0.3555042], [9394.81, 2.0], [9396.29, 1.0], [9396.51, 2.0], [9398.59, 3.6064351], [9399.42, 0.05], [9400.64, 4.0]]}
{"bids": [[9384.2, 2.0], [9384.18, 2.0], [9383.78, 0.36489786], [9383.77, 0.74061797], [9383.76, 1.31708472], [9383.33, 1.38654001], [9382.66, 2.0]], "ts": 1567065169596, "asks": [[9393.57, 2.6426], [9393.75, 1.0], [9393.91, 0.3555042], [9394.81, 2.0], [9396.29, 1.0], [9396.51, 2.0], [9398.59, 3.6064351], [9399.42, 0.05], [9400.64, 4.0]]}
{"bids": [[9384.2, 2.0], [9383.78, 0.36489786], [9383.77, 0.74061797], [9383.76, 1.31708472], [9383.33, 1.38654001], [9382.66, 2.0]], "ts": 1567065169597, "asks": [[9393.57, 2.6426], [9393.75, 1.0], [9393.91, 0.3555042], [9394.81, 2.0], [9396.29, 1.0], [9396.51, 2.0], [9398.59, 3.6064351], [9399.42, 0.05], [9400.64, 4.0]]}
{"bids": [[9384.21, 2.0], [9384.2, 2.0], [9383.78, 0.36489786], [9383.77, 0.74061797], [9383.76, 1.31708472], [9383.33, 1.38654001], [9382.66, 2.0]], "ts": 1567065169597, "asks": [[9393.57, 2.6426], [9393.75, 1.0], [9393.91, 0.3555042], [9394.81, 2.0], [9396.29, 1.0], [9396.51, 2.0], [9398.59, 3.6064351], [9399.42, 0.05], [9400.64, 4.0]]}
{"bids": [[9384.22, 2.0], [9384.21, 2.0], [9384.2, 2.0], [9383.78, 0.36489786], [9383.77, 0.74061797], [9383.76, 1.31708472], [9383.33, 1.38654001], [9382.66, 2.0]], "ts": 1567065169597, "asks": [[9393.57, 2.6426], [9393.75, 1.0], [9393.91, 0.3555042], [9394.81, 2.0], [9396.29, 1.0], [9396.51, 2.0], [9398.59, 3.6064351], [9399.42, 0.05], [9400.64, 4.0]]}
{"bids": [[9384.22, 2.0], [9384.2, 2.0], [9383.78, 0.36489786], [9383.77, 0.74061797], [9383.76, 1.31708472], [9383.33, 1.38654001], [9382.66, 2.0]], "ts": 1567065169597, "asks": [[9393.57, 2.6426], [9393.75, 1.0], [9393.91, 0.3555042], [9394.81, 2.0], [9396.29, 1.0], [9396.51, 2.0], [9398.59, 3.6064351], [9399.42, 0.05], [9400.64, 4.0]]}
{"bids": [[9384.22, 2.0], [9383.78, 0.36489786], [9383.77, 0.74061797], [9383.76, 1.31708472], [9383.33, 1.38654001], [9382.66, 2.0]], "ts": 1567065169598, "asks": [[9393.57, 2.6426], [9393.75, 1.0], [9393.91, 0.3555042], [9394.81, 2.0], [9396.29, 1.0], [9396.51, 2.0], [9398.59, 3.6064351], [9399.42, 0.05], [9400.64, 4.0]]}
{"bids": [[9384.23, 2.0], [9384.22, 2.0], [9383.78, 0.36489786], [9383.77, 0.74061797], [9383.76, 1.31708472], [9383.33, 1.38654001], [9382.66, 2.0]], "ts": 1567065169598, "asks": [[9393.57, 2.6426], [9393.75, 1.0], [9393.91, 0.3555042], [9394.81, 2.0], [9396.29, 1.0], [9396.51, 2.0], [9398.59, 3.6064351], [9399.42, 0.05], [9400.64, 4.0]]}
{"bids": [[9384.24, 2.0], [9384.23, 2.0], [9384.22, 2.0], [9383.78, 0.36489786], [9383.77, 0.74061797], [9383.76, 1.31708472], [9383.33, 1.38654001], [9382.66, 2.0]], "ts": 1567065169598, "asks": [[9393.57, 2.6426], [9393.75, 1.0], [9393.91, 0.3555042], [9394.81, 2.0], [9396.29, 1.0], [9396.51, 2.0], [9398.59, 3.6064351], [9399.42, 0.05], [9400.64, 4.0]]}
{"bids": [[9384.24, 2.0], [9384.22, 2.0], [9383.78, 0.36489786], [9383.77, 0.74061797], [9383.76, 1.31708472], [9383.33, 1.38654001], [9382.66, 2.0]], "ts": 1567065169599, "asks": [[9393.57, 2.6426], [9393.75, 1.0], [9393.91, 0.3555042], [9394.81, 2.0], [9396.29, 1.0], [9396.51, 2.0], [9398.59, 3.6064351], [9399.42, 0.05], [9400.64, 4.0]]}
{"bids": [[9384.24, 2.0], [9383.78, 0.36489786], [9383.77, 0.74061797], [9383.76, 1.31708472], [9383.33, 1.38654001], [9382.66, 2.0]], "ts": 1567065169599, "asks": [[9393.57, 2.6426], [9393.75, 1.0], [9393.91, 0.3555042], [9394.81, 2.0], [9396.29, 1.0], [9396.51, 2.0], [9398.59, 3.6064351], [9399.42, 0.05], [9400.64, 4.0]]}
{"bids": [[9384.24, 2.0], [9383.78, 0.36489786], [9383.77, 0.74061797], [9383.76, 1.31708472], [9383.33, 1.38654001], [9382.66, 2.0]], "ts": 1567065169599, "asks": [[9393.57, 2.6426], [9393.75, 1.0], [9393.91, 0.3555042], [9394.81, 2.0], [9396.29, 1.0], [9396.51, 2.0], [9398.59, 3.6064351], [9399.42, 0.05], [9400.64, 4.0]]}
{"bids": [[9384.25, 2.0], [9384.24, 2.0], [9383.78, 0.36489786], [9383.77, 0.74061797], [9383.76, 1.31708472], [9383.33, 1.38654001], [9382.66, 2.0]], "ts": 1567065169599, "asks": [[9393.57, 2.6426], [9393.75, 1.0], [9393.91, 0.3555042], [9394.81, 2.0], [9396.29, 1.0], [9396.51, 2.0], [9398.59, 3.6064351], [9399.42, 0.05], [9400.64, 4.0]]}
{"bids": [[9384.26, 2.0], [9384.25, 2.0], [9384.24, 2.0], [9383.78, 0.36489786], [9383.77, 0.74061797], [9383.76, 1.31708472], [9383.33, 1.38654001], [9382.66, 2.0]], "ts": 1567065169600, "asks": [[9393.57, 2.6426], [9393.75, 1.0], [9393.91, 0.3555042], [9394.81, 2.0], [9396.29, 1.0], [9396.51, 2.0], [9398.59, 3.6064351], [9399.42, 0.05], [9400.64, 4.0]]}
{"bids": [[9384.26, 2.0], [9384.24, 2.0], [9383.78, 0.36489786], [9383.77, 0.74061797], [9383.76, 1.31708472], [9383.33, 1.38654001], [9382.66, 2.0]], "ts": 1567065169600, "asks": [[9393.57, 2.6426], [9393.75, 1.0], [9393.91, 0.3555042], [9394.81, 2.0], [9396.29, 1.0], [9396.51, 2.0], [9398.59, 3.6064351], [9399.42, 0.05], [9400.64, 4.0]]}
{"bids": [[9384.26, 2.0], [9383.78, 0.36489786], [9383.77, 0.74061797], [9383.76, 1.31708472], [9383.33, 1.38654001], [9382.66, 2.0]], "ts": 1567065169600, "asks": [[9393.57, 2.6426], [9393.75, 1.0], [9393.91, 0.3555042], [9394.81, 2.0], [9396.29, 1.0], [9396.51, 2.0], [9398.59, 3.6064351], [9399.42, 0.05], [9400.64, 4.0]]}
{"bids": [[9384.27, 2.0], [9384.26, 2.0], [9383.78, 0.36489786], [9383.77, 0.74061797], [9383.76, 1.31708472], [9383.33, 1.38654001], [9382.66, 2.0]], "ts": 1567065169600, "asks": [[9393.57, 2.6426], [9393.75, 1.0], [9393.91, 0.3555042], [9394.81, 2.0], [9396.29, 1.0], [9396.51, 2.0], [9398.59, 3.6064351], [9399.42, 0.05], [9400.64, 4.0]]}
{"bids": [[9384.28, 2.0], [9384.27, 2.0], [9384.26, 2.0], [9383.78, 0.36489786], [9383.77, 0.74061797], [9383.76, 1.31708472], [9383.33, 1.38654001], [9382.66, 2.0]], "ts": 1567065169601, "asks": [[9393.57, 2.6426], [9393.75, 1.0], [9393.91, 0.3555042], [9394.81, 2.0], [9396.29, 1.0], [9396.51, 2.0], [9398.59, 3.6064351], [9399.42, 0.05], [9400.64, 4.0]]}
{"bids": [[9384.28, 2.0], [9384.26, 2.0], [9383.78, 0.36489786], [9383.77, 0.74061797], [9383.76, 1.31708472], [9383.33, 1.38654001], [9382.66, 2.0]], "ts": 1567065169601, "asks": [[9393.57, 2.6426], [9393.75, 1.0], [9393.91, 0.3555042], [9394.81, 2.0], [9396.29, 1.0], [9396.51, 2.0], [9398.59, 3.6064351], [9399.42, 0.05], [9400.64, 4.0]]}
